2501 3615
384 753 475 805 DE
520 753 652 806 VSV
699 753 1052 805 BREVIARll
1098 752 1499 806 ALARICIANI
1560 754 1848 807 FORENSI

810 851 899 903 ET
943 850 1421 905 SCHOLASTICO

193 950 325 1002 PER
366 949 780 1015 HISPANIAM,
826 948 1158 1026 GAIgLIAM,
1203 948 1498 1001 ITALIAM
1542 949 2037 1013 REGIONESQVE

972 1045 1260 1099 VICINAS

502 1154 648 1191 adiecto
674 1154 796 1189 indice
824 1154 987 1189 locorum
1013 1166 1055 1189 ex
1082 1153 1271 1190 Breviario
1298 1154 1552 1191 adhibitorum
1578 1156 1728 1201 scripsit

821 1245 1026 1288 Alfredus
1059 1246 1112 1288 de
1135 1246 1411 1290 Wretschko.

154 1374 386 1410 Pwoemium.
405 1393 448 1398 ——
469 1373 500 1407 I.
525 1372 689 1416 Reynum
710 1370 968 1416 Visiyotlaorzmz
988 1372 1196 1415 praesertim
1215 1372 1414 1417 Hispania.
1457 1374 1507 1408 II.
1537 1375 1669 1418 Gallia,
1691 1375 1887 1409 Germania
1904 1376 2078 1420 reqiones-

356 1441 423 1476 que
451 1430 592 1464 vicima
643 1428 718 1463 III.
747 1428 866 1462 Italia.
894 1449 936 1453 -—
963 1428 1082 1463 Index
1106 1429 1261 1464 locorum
1293 1441 1335 1465 ex
1359 1432 1545 1467 Brecz'ario
1571 1432 1820 1467 munimem-am.
1865 1433 2079 1478 Conspectus

355 1488 515 1534 fontium
544 1486 652 1522 medii
681 1487 773 1529 aevi,
807 1496 895 1530 quos
924 1490 1174 1531 perswutatus
1203 1498 1291 1522 sum.
1354 1489 1547 1534 Siqlorum‚
1584 1502 1672 1535 (setae
1707 1491 1869 1534 adhibui,
1908 1502 1970 1526 «nec
2005 1503 2080 1526 mm

356 1545 536 1588 librorum,
561 1544 686 1589 qm'bus
710 1555 800 1579 usus
824 1555 912 1587 sum,
938 1543 1130 1579 indiculus.

267 1661 319 1698 De
344 1660 526 1696 Breviarii
552 1659 758 1696 Alariciani
789 1672 855 1695 usu
886 1671 953 1705 per
976 1659 1137 1695 medium
1163 1671 1295 1696 aevum
1321 1662 1358 1696 ct
1389 1661 1524 1696 forensi
1550 1664 1587 1698 et
1613 1663 1835 1700 scholastico
1863 1665 2078 1702 testimonia
2126 1667 2356 1700 Prooemium.

153 1721 191 1756 in
216 1721 287 1756 hac
312 1731 430 1755 novae
455 1717 704 1754 Theodosiani
730 1717 905 1754 editionis
931 1718 1140 1763 appendice
1167 1718 1437 1764 compositurus
1468 1731 1589 1764 pauca
1619 1723 1768 1757 tantum
1797 1723 1958 1768 praefari
1987 1724 2079 1759 volo.

151 1779 251 1814 Inter
266 1778 434 1814 homines
451 1777 588 1820 doctos,
615 1775 679 1820 qui
706 1776 749 1811 de
775 1787 843 1810 usu
862 1775 1042 1810 Breviarii
1065 1775 1325 1818 disseruerunt,
1352 1776 1632 1813 Godofredus
1658 1780 1900 1815 nominandus
1926 1784 1991 1823 cst,
2019 1782 2083 1826 qui

150 1837 189 1872 in
214 1836 339 1882 capite
365 1835 525 1881 septimo
550 1834 891 1880 prolegomenorum
920 1834 967 1869 ad
990 1833 1289 1870 Theodosianum
1316 1836 1359 1870 de
1385 1847 1451 1870 usu
1478 1835 1572 1881 legis
1597 1836 1785 1873 Romanae
1805 1838 2083 1885 Visigothorum

150 1894 297 1930 locutus
321 1893 505 1939 quaedam
529 1894 687 1932 tantum,
714 1904 809 1936 quae
835 1891 882 1926 ad
908 1891 1076 1937 regiones
1102 1892 1404 1938 Francogallicas
1430 1896 1620 1939 spectant,
1652 1895 1783 1931 attulit
1811 1898 1934 1932 cetera
1959 1897 2082 1933 omnia

151 1952 343 1994 omittens,
377 1962 603 1996 quamquam
634 1950 784 1985 rubrica
815 1949 917 1985 illius
949 1950 1084 1994 capitis
1109 1950 1227 1985 multo
1258 1951 1366 1996 plura
1399 1951 1551 1988 indicat.
1602 1953 1757 1988 Saeculo
1783 1954 1915 1989 deinde
1941 1955 2082 1991 decimo

150 2021 246 2045 nono
263 2003 506 2056 Savignius
530 2008 620 2044 iuris
638 2007 794 2043 Romani
812 2007 1007 2043 historiam
1032 2007 1145 2043 medii
1172 2008 1255 2043 aevi
1282 2020 1455 2044 enarrans
1480 2010 1519 2044 in
1543 2011 1749 2056 appendice
1773 2012 1944 2055 secunda,
1971 2025 2082 2058 quam

151 2067 263 2104 alteri
286 2067 467 2103 volumini
493 2066 614 2113 operis
639 2067 695 2101 sui
721 2065 912 2105 (editionis
939 2067 972 2100 II
999 2067 1064 2101 47?
1080 2068 1148 2111 sq.)
1180 2066 1344 2108 addidit,
1380 2068 1471 2103 duas
1505 2068 1666 2103 tabellas
1698 2069 1869 2105 exhibuit
1899 2073 1936 2106 et
1969 2070 2007 2105 in
2038 2070 2083 2105 iis

150 2125 384 2169 testimonia,
418 2136 461 2160 ex
487 2124 621 2170 quibus
653 2124 743 2159 iuris
769 2123 926 2159 Romani
953 2124 1131 2159 librorum
1163 2136 1229 2170 per
1253 2125 1416 2160 medium
1441 2138 1572 2161 aevum
1604 2139 1691 2162 usus
1716 2128 1869 2163 forensis
1900 2128 2082 2174 imprimis

152 2195 237 2220 vero
262 2182 507 2218 scholasticus
526 2181 698 2228 cognosci
718 2185 854 2228 potest,
881 2182 1166 2228 diligentissime
1185 2183 1350 2229 collegit.
1396 2183 1558 2224 Quarum
1584 2184 1704 2229 prima
1723 2185 1938 2222 testimonia
1956 2199 2082 2222 secun-

151 2241 239 2276 dum
267 2240 390 2286 operis
421 2240 500 2276 eius
534 2240 661 2285 capita
692 2239 873 2285 disponit,
908 2240 1027 2275 altera
1061 2240 1259 2275 secundum
1295 2240 1478 2283 ordinem,
1512 2253 1620 2286 quem
1654 2241 1743 2277 iuris
1773 2242 1932 2279 Romani
1962 2245 2082 2280 fontes

150 2301 365 2344 sequuntur.
414 2298 515 2339 Quae
540 2298 704 2334 tabellae
731 2297 1017 2344 diligentissime
1044 2297 1286 2344 compilatae.
1319 2299 1489 2343 quamvis
1520 2302 1599 2334 tum
1624 2300 1751 2346 magni
1785 2301 2081 2343 aestimarentur,

150 2356 262 2393 hodie
287 2355 443 2392 eruditis
468 2355 682 2392 satisfacere
699 2367 772 2391 non
790 2358 956 2401 possunt.
998 2356 1096 2391 Nam
1114 2355 1183 2390 viri
1203 2356 1303 2391 docti
1329 2368 1372 2392 ex
1399 2368 1440 2392 eo
1466 2360 1634 2402 tempore
1661 2369 1733 2392 non
1759 2358 1878 2393 solum
1903 2358 2083 2394 intentius

150 2413 240 2450 iuris
269 2413 427 2449 Romani
460 2416 498 2448 et
532 2412 743 2448 Germanici
776 2412 941 2449 fontibus
976 2413 1197 2449 studuerunt
1231 2414 1424 2458 variosque
1460 2416 1541 2449 tum
1572 2414 1718 2461 ignotos
1751 2416 1985 2459 detexerunt,
2021 2418 2084 2452 scd

150 2472 266 2509 etiam
290 2483 427 2514 eorum,
460 2470 525 2516 qui
554 2470 630 2506 iam
654 2471 909 2513 innotuerant,
944 2483 1050 2506 usum
1080 2471 1296 2507 melioribus
1328 2471 1554 2508 editionibus
1586 2473 1791 2510 faciliorem
1832 2475 2081 2510 reddiderunt.

150 2529 351 2566 Praeterea
380 2541 467 2564 usus
497 2528 723 2564 tabellarum
751 2540 771 2562 a
805 2527 983 2575 Savignio
1019 2528 1308 2573 compositarum
1340 2529 1477 2574 passim
1511 2541 1552 2565 eo
1586 2530 1806 2576 impeditur,
1840 2532 1938 2576 quod
1969 2533 2081 2574 locos,

151 2599 243 2634 quos
278 2587 461 2623 Breviarii
496 2587 707 2623 redactores
745 2599 787 2622 ex
822 2586 1078 2623 Theodosiano
1117 2589 1411 2632 assumpserunt,
1450 2587 1668 2633 plerumque
1707 2589 1908 2624 secundum
1946 2589 2082 2625 codicis

151 2644 304 2692 genuini
329 2644 510 2684 editiones
537 2645 690 2691 allegat.

268 2714 370 2756 Quae
388 2713 586 2761 Savignius
602 2714 787 2760 praebuit,
813 2717 993 2759 quantum
1019 2714 1067 2749 ad
1083 2713 1314 2749 Breviarium
1340 2714 1514 2757 attinent,
1540 2715 1574 2750 H
1583 2715 1787 2751 aenelius
1812 2715 1850 2750 in
1875 2716 2082 2761 appendice

152 2772 327 2810 editionis
358 2772 453 2819 legis
478 2772 667 2807 Romanae
693 2771 973 2818 Visigothorum
1011 2771 1170 2807 correxit
1200 2773 1237 2807 et
1271 2771 1387 2807 auxit.
1436 2772 1548 2808 Dedit
1579 2773 1677 2808 enim
1712 2773 1872 2809 indicem
1899 2773 2081 2809 variorum

152 2830 335 2867 Breviarii
357 2831 534 2874 locorum,
560 2829 625 2875 qui
651 2830 690 2865 in
708 2829 923 2875 posterioris
949 2829 1087 2865 aetatis
1104 2829 1218 2864 libros
1236 2829 1427 2866 transiisse
1449 2829 1630 2866 videntur.
1674 2831 1716 2865 In
1734 2842 1805 2875 quo
1824 2831 1947 2867 indice
1964 2843 2081 2876 aeque

153 2901 196 2924 ac
222 2887 421 2934 Savignius
451 2887 601 2923 silentio
633 2887 844 2932 praeteriit,
876 2890 999 2922 utrum
1029 2886 1228 2932 scriptores
1254 2887 1444 2923 Breviario
1470 2887 1691 2933 posteriores
1718 2900 1761 2923 ex
1786 2888 1866 2934 ipso
1890 2888 2081 2924 Brcviario

153 2959 200 2982 an
229 2958 275 2982 ex
307 2945 382 2982 alio
413 2945 512 2981 fonte
543 2945 768 2986 hausissent,
803 2944 838 2978 in
875 2944 979 2979 cuius
1011 2947 1135 2980 textus
1165 2944 1375 2990 fragmenta
1407 2945 1587 2980 Breviarii
1621 2945 1884 2990 pervenissent.
1934 2946 2004 2981 Sed
2036 2958 2082 2982 nc

153 3002 326 3039 Haenelii
350 3002 501 3048 quidem
530 3002 674 3038 tabella
707 3014 781 3038 una
815 3014 898 3037 cum
932 3004 1135 3047 apparatu,
1167 3014 1276 3047 quem
1310 3005 1440 3038 auctor
1470 3003 1626 3049 singulis
1652 3003 1833 3038 Breviarii
1863 3003 2081 3050 fragmentis

153 3060 340 3107 apposuit,
367 3059 492 3096 omnia
517 3059 745 3103 testimonia,
771 3070 866 3104 quae
891 3059 1002 3094 hodie
1027 3061 1176 3104 praesto
1203 3061 1298 3101 sunt,
1325 3059 1457 3095 adfert.

268 3129 360 3166 Cum
391 3129 601 3176 fragmenta
633 3128 813 3165 Breviarii
848 3140 914 3174 per
942 3128 1105 3163 medium
1138 3140 1269 3164 aevum
1304 3129 1379 3165 late
1413 3128 1546 3164 diffusa
1578 3129 1652 3164 sint
1692 3132 1731 3165 et
1766 3130 1874 3165 valde
1908 3132 2080 3171 certetur,

153 3187 283 3224 usuine
307 3186 447 3223 fuerint
470 3186 558 3222 huic
580 3187 639 3223 vel
664 3186 721 3222 illi
748 3187 838 3222 iuris
864 3186 1093 3233 compendio,
1119 3186 1300 3222 Breviarii
1319 3187 1549 3232 aliorumque
1569 3187 1657 3223 iuris
1675 3187 1832 3223 Romani
1858 3188 1970 3223 medii
1997 3189 2081 3224 aevi

153 3245 316 3282 fontium
343 3244 495 3280 minime
526 3244 670 3290 peritus
701 3245 953 3287 haesitabam,
987 3256 1036 3280 an
1068 3244 1273 3280 clarissimo
1298 3245 1478 3290 magistro
1510 3245 1687 3281 invitanti
1722 3247 1941 3290 obsequerer
1972 3249 2008 3281 et
2042 3246 2079 3281 in

153 3313 302 3338 munere
319 3302 410 3337 iuris
427 3301 636 3337 Germanici
650 3302 909 3347 Austriacique
928 3301 1107 3338 historiae
1125 3302 1163 3336 in
1181 3301 1425 3338 universitate
1441 3303 1699 3348 Oenipontana
1720 3303 1903 3338 docendae
1923 3303 2079 3338 multum

154 3362 359 3405 occupatus
383 3360 487 3395 brevi
510 3359 618 3395 unius
644 3360 730 3395 anni
761 3359 885 3405 spatio
921 3359 1016 3395 hanc
1051 3362 1167 3395 totam
1199 3359 1394 3395 materiam
1425 3360 1659 3396 mediocriter
1691 3359 1898 3405 perspicere
1924 3371 2079 3406 possem.
