2485 3615
174 648 278 688 LesJes

151 693 294 725 Henrici

165 740 282 781 primi.

123 1182 311 1215 Guilelmus

137 1229 296 1261 Dlalmes-

133 1274 305 1307 buriensis.

166 1536 271 1579 Leges

131 1583 254 1615 Canuti
277 1588 306 1615 et

135 1629 306 1661 H'allicae.

129 1951 285 1983 Collectio

117 2010 153 2029 CH
161 2009 285 2029 ssovzlvl

85 2043 330 2075 Hiberniensi's.

109 2296 332 2328 Prooemimn.

1170 155 1215 160 —
1263 133 1380 169 CCCL
1429 152 1472 158 —

357 249 490 291 quarto
515 243 654 279 saeculi
675 241 883 277 duodecimi
901 238 1080 275 decennio
1097 237 1334 272 Britanniam
1359 235 1556 271 intravisse
1583 235 1748 272 eiusdem
1773 236 1951 281 temporis
1978 236 2178 283 scriptores
2197 239 2287 274 refe-

356 306 452 338 runt.
494 302 610 336 Nemo
637 303 704 341 est,
731 299 794 344 qui
821 297 969 332 dubitet
993 295 1137 330 codices
1163 294 1361 329 Iustiniani
1387 294 1510 329 fuisse.
1561 294 1631 329 Sed
1657 293 1771 328 etiam
1796 294 1954 330 saeculis
1979 296 2287 332 antecedentibus

356 362 394 396 in
420 360 496 395 illis
521 358 733 404 regionibus
764 377 806 381 —
838 355 949 390 aliter
981 356 1094 397 atque
1127 352 1165 386 in
1197 351 1458 397 Francogallia
1490 372 1534 376 —
1564 351 1797 387 Breviarium
1828 353 1974 388 0111111110
2008 353 2178 399 ignotum
2202 354 2287 390 fuit.

356 420 434 453 Iam
468 415 668 452 Haenelius
698 414 818 460 [LRV.
846 412 989 457 Proleg.
1015 410 1184 455 XCVIII]
1215 409 1271 444 ita
1306 409 1490 454 cogitavit
1520 408 1672 453 eiusque
1705 409 1868 445 rationes
1895 410 2076 446 Conratus
2108 411 2287 456 sequitur.

357 475 432 510 Alii
457 474 605 519 quidem
634 475 676 507 ut
703 471 898 507 Caillemer
913 471 935 513 ¹)
964 468 1079 503 etiam
1111 467 1149 501 in
1174 467 1313 512 Anglia
1345 468 1388 501 ut
1420 466 1459 500 in
1485 466 1643 501 Francia
1672 466 1953 503 iurisconsultos
1979 469 2170 504 Breviario
2203 470 2288 515 plus

357 545 468 578 quam
489 531 592 566 libris
611 528 809 565 Iustiniani
834 528 1034 570 occupatos
1051 525 1164 560 fuisse
1191 524 1357 566 credunt,
1385 523 1444 558 cui
1464 535 1548 559 vero
1575 523 1744 569 opinioni
1767 524 1872 559 nulla
1899 529 2119 571 argumenta
2144 527 2288 564 adferre

356 591 600 635 potum-unffi)

473 648 580 681 Solae
612 646 713 690 leges
747 642 899 678 Hem-ici
929 640 1057 686 primi,
1097 652 1189 684 quas
1224 640 1551 683 Liebermannus3)
1590 639 1688 675 intra
1722 651 1837 675 annos
1873 641 1961 674 1110
1985 643 2023 676 et
2051 641 2139 676 1132
2175 642 2289 687 [haud

357 705 467 740 dubie
489 702 731 746 1110-112o]
752 700 938 735 confectas
965 711 1042 734 esse
1068 698 1251 743 exposuit,
1278 698 1317 732 in
1343 710 1372 733 6.
1392 697 1563 738 XXXIII,
1582 699 1602 731 4
1627 697 1881 742 fragmentum
1906 708 1949 732 ex
1966 698 2158 734 Breviario
2183 712 2287 745 prae-

358 764 445 798 bent
473 763 551 807 {EP-
573 763 659 805 Aeg.
679 760 747 793 Th.
766 758 827 799 XI,
846 759 876 799 9,
898 758 946 801 1].
987 755 1178 801 Suspicari
1203 756 1293 790 licet
1318 755 1598 800 compilatorem
1625 755 1758 789 harum
1782 755 1919 800 legum,
1945 755 2010 799 qui
2035 756 2151 791 etiam
2167 757 2290 802 legem

355 821 517 856 Salicum
543 819 787 857 emendatam,
815 816 937 861 legem
961 814 1190 857 Ribmuiam,
1217 813 1387 858 capitula
1411 825 1541 858 regum
1558 813 1782 847 Francorum
1807 812 1950 855 laudat,
1977 813 2103 848 codice
2129 815 2289 859 quodam

355 890 461 913 usum
487 888 574 918 esse,
602 875 639 909 in
666 886 737 919 quo
764 875 801 908 et
827 873 929 919 leges
953 872 1149 907 nationum
1175 871 1478 907 Germanicarum
1506 874 1544 906 et
1570 870 1734 915 epitome
1761 869 1910 915 Aegidii
1934 870 2097 916 scriptae
2122 871 2289 908 fuissent.

356 937 553 970 Praeterea
579 946 622 968 ex
640 932 717 966 illis
742 932 861 972 rebus,
889 942 981 975 quas
1007 942 1051 965 ex
1076 929 1155 964 iure
1182 928 1360 964 canonico
1386 928 1518 969 adfert,
1545 940 1629 963 eum
1648 927 1792 962 codices
1811 926 1966 973 originis
1983 928 2291 976 Francogallicae

356 992 570 1038 cognovisse
596 989 890 1035 intellegendum
916 990 972 1023 est
997 991 1035 1023 et
1064 987 1216 1032 quidem
1241 998 1285 1022 ex
1309 987 1413 1021 fonte
1432 985 1537 1021 Ivoni
1563 985 1771 1030 propinquo
1797 997 1859 1020 eas
1885 985 2020 1021 hausit.
2063 986 2116 1022 Ut
2145 987 2290 1023 Lieber-

354 1062 509 1085 mannus
533 1051 655 1094 putat,
682 1048 812 1082 auctor
836 1058 910 1081 non
935 1045 973 1080 111
996 1044 1193 1079 Britannia
1218 1044 1282 1078 sed
1307 1043 1347 1078 in
1371 1042 1602 1078 Normannia
1629 1043 1687 1078 ve]
1713 1042 1752 1077 in
1776 1042 1992 1089 regionibus
2019 1043 2154 1080 vicinis
2179 1047 2290 1081 natus

357 1110 468 1152 atque
496 1107 534 1141 in
560 1105 824 1151 Francogallia
855 1103 1021 1139 eruditus
1047 1105 1113 1138 est.

470 1176 523 1210 Ex
549 1174 693 1210 Gallico
720 1174 879 1218 quodam
907 1172 1032 1207 codice
1060 1171 1267 1207 Guilelmus
1292 1169 1633 1205 Malmesburiensis
1659 1169 1891 1206 Breviarium
1922 1173 2073 1206 auctum
2099 1171 2291 1207 abbrevia-

356 1234 448 1269 tioni
483 1234 525 1268 de
559 1231 676 1278 gestis
701 1231 969 1276 imperatorum
1000 1229 1200 1273 inseruit&
1250 1228 1322 1269 Qui
1356 1229 1471 1263 codex
1504 1227 1539 1262 in
1574 1228 1692 1263 forma
1725 1230 1838 1263 aucta
1872 1231 2022 1273 praeter
2058 1229 2291 1265 Breviarium

355 1291 471 1327 eti-am
494 1291 631 1325 librum
656 1288 904 1324 Theodosiani
930 1287 1083 1333 genuini
1109 1286 1294 1322 decimum
1319 1288 1464 1321 sextum
1489 1285 1747 1330 novellasque‚
1775 1284 1845 1320 Gai
1870 1285 2053 1330 Paulique
2078 1286 2292 1333 fragmenta

356 1361 440 1385 vero
466 1348 503 1382 111
527 1348 646 1383 forma
671 1346 879 1392 epitomata
906 1344 1134 1380 continebat.
1175 1344 1301 1379 Etiam
1325 1344 1370 1379 de
1397 1342 1595 1378 Iustiniani
1623 1342 1881 1379 codifieatione
1899 1342 2108 1380 Guilelmus
2132 1344 2290 1387 audivit,

355 1407 418 1441 sed
443 1419 490 1441 an
520 1405 657 1441 viderit
690 1406 756 1440 1103
782 1403 896 1439 libros
921 1403 1105 1439 incertum
1136 1405 1202 1438 est.
1252 1402 1349 1437 Nam
1376 1413 1471 1446 quae
1505 1401 1549 1435 de
1576 1400 1774 1435 Iustiniani
1807 1400 1912 1436 libris
1941 1401 2075 1445 tra-dit,
2111 1414 2156 1438 ex
2181 1403 2291 1438 Pauli

356 1464 512 1499 historia
538 1462 867 1509 Langobardorum
892 1462 1041 1496 haurire
1066 1460 1204 1506 potuit.

473 1533 670 1579 Savignius
689 1532 962 1575 Haeneliusque
974 1533 1000 1575 ὃ)
1026 1530 1210 1565 rationem
1235 1529 1424 1574 quandam
1449 1528 1548 1563 inter
1564 1528 1796 1564 Breviarium
1824 1531 1861 1564 et
1886 1530 1988 1575 leges
2007 1530 2145 1566 Canuti
2159 1532 2291 1568 walli-

358 1605 491 1637 casque
523 1591 750 1627 intercedere
777 1590 1019 1625 contendunt.
1068 1588 1140 1623 Res
1173 1587 1285 1622 aliter
1309 1599 1346 1623 se
1372 1587 1499 1622 habet.
1551 1587 1668 1632 Leges
1694 1586 1847 1629 Canuti,
1882 1598 1977 1631 quae
2003 1588 2222 1634 plerumque
2248 1603 2292 1626 ex

357 1649 629 1694 antiquioribus
661 1649 827 1684 fontibus
861 1647 900 1682 in
927 1646 1087 1682 concilio
1112 1645 1351 1681 Wintonensi
1377 1647 1462 1690 post
1491 1646 1577 1679 1028
1610 1645 1735 1680 factae
1768 1647 1870 1688 sunt,
1905 1657 1986 1680 cum
2021 1645 2100 1682 iure
2125 1647 2291 1684 Romano

355 1708 450 1743 nihil
476 1708 613 1743 habere
632 1707 805 1742 videntur
830 1707 1065 1748 communae)
1107 1704 1248 1750 Legum
1265 1703 1513 1738 Wallicarum
1531 1714 1616 1737 vero
1642 1702 1893 1747 fragmentum
1914 1703 1971 1747 [IL
1992 1704 2043 1747 10,
2064 1704 2133 1749 7‹›]‚
2159 1704 2195 1739 in
2218 1718 2292 1750 quo

356 1767 399 1801 de
426 1765 635 1800 adhibendo
661 1763 816 1799 testium
840 1776 990 1799 numero
1017 1763 1077 1798 lex
1102 1762 1270 1797 Romana
1296 1773 1378 1796 cum
1404 1761 1484 1796 iure
1510 1760 1709 1795 vernaculo
1735 1762 2022 1806 comparatur7),
2048 1773 2122 1796 non
2148 1762 2291 1808 primae

357 1822 606 1859 codificationi
632 1821 739 1857 annis
764 1822 954 1857 907—948
980 1821 1103 1856 factae
1135 1819 1421 1855 adscribendum
1446 1822 1517 1863 est,
1551 1819 1615 1853 sed
1646 1818 1782 1853 multis
1808 1818 1913 1853 annis
1945 1821 2030 1864 post
2063 1820 2291 1858 auctoritate

357 1881 505 1917 schola-e
531 1881 777 1926 glossatoruin
804 1879 983 1915 insertum
1010 1891 1087 1914 esse
1115 1878 1304 1921 videturss)

472 1951 638 1994 Denique
663 1961 736 1984 non
762 1948 1010 1984 omittendum
1035 1950 1091 1983 est
1118 1946 1377 1982 collectionem
1404 1957 1584 1981 canonum
1612 1945 1895 1987 Hibernensem,
1922 1958 2148 1991 quamquam
2172 1949 2294 1984 multa

358 2020 400 2044 ex
424 2008 503 2043 iure
530 2007 679 2053 privato
704 2007 832 2049 habet,
858 2005 1078 2052 fragmentis
1105 2017 1150 2040 ex
1175 2005 1253 2040 iure
1270 2005 1435 2040 Romano
1462 2004 1608 2039 haustis
1634 2002 1783 2038 0111111110
1810 2015 1934 2039 carere
1959 2004 2088 2048 itaque
2114 2005 2226 2041 aliter
2250 2018 2294 2042 ac

358 2066 596 2102 collectiones
623 2065 660 2099 in
688 2066 911 2099 Francorum
937 2063 1072 2098 finibus
1099 2063 1291 2099 confectae
1317 2063 1413 2097 nihil
1440 2074 1484 2098 ex
1510 2061 1702 2098 Breviario
1727 2062 1986 2097 redactoribus
2011 2062 2141 2108 ignoto
2167 2063 2293 2100 habet.

907 2204 986 2245 III.
1025 2203 1237 2245 Breviarii
1266 2203 1419 2244 notitia
1449 2216 1528 2257 per
1558 2201 1745 2243 Italiam.

474 2290 602 2335 :lisigni
629 2290 805 2326 momenti
832 2293 889 2326 est
914 2290 1084 2335 quaestio
1109 2293 1232 2326 utrum
1251 2288 1484 2324 Breviarium
1510 2287 1625 2323 etiam
1650 2299 1716 2333 per
1742 2287 1895 2322 ltaliam
1920 2287 2003 2322 usui
2031 2287 2145 2323 fuerit
2168 2300 2295 2324 necne.

361 2350 438 2384 Iam
466 2349 694 2384 Godofredus
729 2361 771 2384 ea
804 2350 848 2384 de
882 2361 920 2384 re
952 2348 1148 2394 cogitavit,
1181 2361 1267 2383 nam
1300 2350 1413 2393 caput
1446 2346 1647 2392 septimum
1681 2346 2030 2392 Prolegomenorum
2061 2345 2099 2381 in
2131 2347 2296 2382 Theodo-

360 2406 503 2441 3131111111
528 2407 691 2442 rubrica:
728 2408 783 2442 Γ(16
816 2420 883 2442 11311
915 2406 1166 2442 Theodosiani
1196 2405 1379 2441 Breviarii
1411 2417 1477 2451 per
1509 2404 1652 2440 Gallias
1681 2433 1688 2440 .
1715 2433 1721 2439 .
1751 2433 1758 2439 .
1791 2406 1829 2440 et
1854 2405 1922 2440 sub
1948 2404 2205 2449 Langobardis
2229 2416 2296 2449 per

362 2465 524 2499 Italiam'
549 2464 750 2510 inscripsit.
799 2466 870 2500 Sed
898 2465 1098 2500 immatura
1123 2468 1241 2500 morte
1267 2466 1417 2510 ereptus
1442 2464 1539 2498 hanc
1565 2463 1916 2509 Prolegomenorum
1942 2465 2090 2508 partem
2114 2474 2187 2497 non
2213 2474 2295 2497 6011-

360 2523 459 2558 fecit.
510 2523 597 2558 Post
623 2523 810 2558 Ritterum
836 2523 976 2568 primus
1003 2523 1202 2569 Savignius
1213 2524 1239 2567 ⁹)
1266 2523 1398 2558 harum
1429 2533 1550 2557 rerum
1576 2521 1718 2566 optime
1743 2519 1887 2566 peritus
1912 2520 2162 2563 Breviarfflm,
2194 2522 2296 2556 ante-

361 2592 471 2624 quam
498 2580 651 2615 Carolus
677 2582 836 2627 Magnus
863 2594 1017 2627 regnum
1035 2581 1366 2627 Langobardorum
1392 2579 1463 2614 sibi
1489 2578 1662 2622 subiecit,
1689 2579 1795 2614 Italis
1820 2578 1992 2625 ignotum
2015 2578 2139 2621 fuisse,
2164 2580 2297 2624 postea

362 2650 447 2673 vero
477 2637 515 2672 in
542 2639 803 2674 Lombardiam
833 2652 906 2675 una
939 2651 1022 2674 cum
1047 2639 1214 2682 Francis,
1248 2638 1313 2683 qui
1339 2637 1517 2673 officiales
1551 2637 1610 2671 vel
1637 2635 1765 2672 6161161
1790 2635 1927 2672 ibidem
1954 2637 2120 2679 fuerunt,
2154 2635 2296 2672 venisse

481 2755 505 2796 ¹)
532 2756 720 2795 Caillemer,
745 2758 791 2788 Le
816 2757 903 2789 droit
928 2758 1008 2790 civil
1035 2762 1098 2789 etc.
1129 2754 1181 2789 10.

479 2812 504 2854 2)
532 2814 700 2846 Conratus
730 2814 764 2846 in
794 2815 901 2847 altera
933 2820 1028 2857 parte
1060 2815 1170 2857 operis
1202 2815 1238 2846 111
1271 2814 1379 2856 capite
1405 2812 1449 2845 35
1480 2813 1724 2845 demonstrabit
1756 2813 1844 2845 dicta
1869 2812 2042 2844 Aldhelmi
2067 2812 2120 2844 vel
2146 2811 2296 2851 Alcuini,

362 2870 449 2899 quae
474 2859 569 2891 Sav.²
596 2861 621 2896 I,
639 2859 704 2891 4157
731 2861 855 2901 adfert,
887 2861 973 2893 nibil
997 2866 1198 2902 argumento
1223 2872 1296 2893 esse
1321 2860 1471 2901 opinioni
1498 2860 1606 2892 falsae
1630 2860 1684 2891 ius
1710 2860 1898 2891 Romanum
1925 2859 2069 2901 septimo
2094 2858 2147 2890 vel
2175 2864 2297 2891 octavo

363 2906 499 2937 saeculo
523 2907 557 2937 in
575 2907 702 2938 scholis
719 2908 915 2940 Britanniae
932 2908 1094 2940 traditum
1113 2919 1197 2940 esse.
1242 2908 1382 2940 Constat
1407 2907 1461 2938 ius
1480 2907 1669 2938 Romanum
1695 2911 1768 2937 tum
1794 2905 1884 2947 apud
1901 2905 2086 2937 Britannos
2110 2915 2154 2937 ne
2178 2908 2298 2937 notum

364 2952 497 2992 quidem
524 2952 640 2984 fuisse.

480 3003 506 3044 3)
533 3004 772 3045 Liebermann,
798 2995 893 3036 Uber
917 3005 977 3036 das
1003 3005 1178 3047 englische
1202 3004 1422 3037 Reclitsbuch
1448 3004 1541 3045 leges
1568 3004 1709 3035 Henrici
1736 3001 1856 3044 (1901)
1883 3000 1928 3034 22
1941 3013 1990 3045 sq.

479 3059 506 3101 4)
533 3062 661 3093 Conrat
686 3062 711 3099 1,
730 3060 797 3092 232
811 3073 875 3103 sq.;
902 3062 1092 3094 Mommsen
1117 3062 1153 3093 in
1178 3062 1230 3093 his
1255 3061 1446 3103 Prolegom.
1473 3061 1594 3093 LXVI.
1620 3060 1680 3093 XC
1694 3071 1742 3102 sq.

482 3118 509 3158 ⁵)
535 3118 630 3150 Sav.²
656 3120 698 3159 ΙΙ,
720 3117 794 3151 168.
814 3117 895 3159 482;
922 3120 1030 3151 Haen.
1049 3120 1148 3151 LRV.
1166 3118 1245 3151 466.

482 3174 508 3214 ⁸)
536 3176 660 3208 Stobbe
687 3174 840 3217 1‚199⁹;
868 3177 995 3209 Conrat
1021 3175 1128 3216 1‚60;
1156 3178 1283 3215 Amira,
1310 3177 1497 3208 Grundriss
1523 3177 1580 3208 des
1605 3175 1866 3217 germanisohen
1890 3173 2059 3207 Rechtes²
2081 3171 2136 3206 27.

482 3230 508 3272 ⁷)
534 3232 718 3274 Savignius
744 3238 777 3265 et
801 3233 988 3265 Haenelius
1013 3234 1054 3265 de
1079 3234 1133 3266 Br.
1153 3233 1216 3264 Th.
1234 3234 1294 3273 XI,
1315 3231 1367 3271 14,
1382 3231 1404 3265 2
1429 3233 1601 3276 cogitant;
1627 3233 1797 3264 Conratus
1821 3232 1844 3264 1.
1864 3230 1907 3264 12
1923 3232 1965 3264 D.
1992 3229 2048 3273 22,
2065 3229 2087 3264 5
2111 3223 2230 3263 adfer‘t.

484 3287 511 3330 ²²)
536 3289 661 3321 Com-at
685 3280 709 3329 1,
728 3288 782 3322 60.
832 3291 900 3324 Cfr.
927 3291 1023 3324 Sav.²
1047 3291 1104 3331 IV,
1124 3290 1190 3323 417
1205 3302 1270 3334 sq.;
1297 3291 1478 3324 Caillemer
1502 3290 1523 3322 1.
1542 3301 1569 3323 6.
1598 3289 1637 3321 11
1654 3300 1704 3331 sq.

484 3345 509 3387 ⁹)
536 3346 710 3390 Savigny²
735 3349 777 3389 ΙΙ,
797 3346 875 3381 270.
