2517 3615
406 210 749 253 GREGORLANVS

1178 126 1224 136 ›—
1271 106 1394 146 XXVI
1443 130 1484 136 ——

1046 212 1418 250 THEODOSIANVS
1828 210 1995 250 IVSTIN
1999 209 2084 249 IAN
2088 210 2148 250 VS

842 296 862 331 6
887 295 931 330 de
957 293 1070 329 calcis
1093 293 1302 329 coctoribus
1318 292 1420 328 urbis
1437 292 1576 328 Romae
1601 294 1640 328 et

889 349 1326 395 Constantinopolitanae

842 409 861 442 7
888 408 932 444 de
958 406 1167 453 collegiatis
1681 408 1732 449 11,
1749 408 1790 443 18
1809 408 1852 444 (16
1871 408 2081 455 collegiatis
2099 413 2137 445 et
2149 410 2294 445 charto-

1746 465 1864 511 pratis
1889 468 1927 501 et
1951 466 2208 502 nummulariis

842 522 863 556 8
888 522 932 557 de
958 520 1182 556 centonariis
1208 524 1245 557 et
1271 520 1497 556 dendroforis

842 579 862 612 9
888 578 932 613 (16
963 578 1097 614 studiis
1126 577 1346 614 liberalibus
1375 577 1477 613 urbis
1502 577 1641 612 Romae
1681 578 1732 620 11,
1750 578 1790 613 19
1817 595 1860 608 =

889 638 927 670 et
953 634 1390 681 Constantinopolitanae

822 691 864 727 10
889 692 933 726 (16
968 692 1120 734 habitu,
1158 705 1230 737 quo
1266 693 1323 728 uti
1359 695 1505 738 oportet
1543 691 1643 726 intra

887 749 1017 785 urbem

823 806 861 840 11
889 805 1023 850 quibus
1056 806 1284 842 militaribus
1323 808 1371 843 ad
1406 807 1534 842 urbem
1570 817 1642 841 non

890 862 1004 899 liceat
1029 863 1204 898 accedere

822 920 864 955 12
891 920 935 956 (16
960 920 1225 955 honoratorum
1250 921 1432 957 vehiculis
1684 923 1735 964 11,
1750 921 1794 957 20
1820 936 1863 951 =

823 977 865 1012 13
891 977 935 1012 de
969 977 1047 1013 iure
1083 978 1215 1013 Italico
1248 978 1350 1013 urbis
1386 977 1644 1014 Constantino·
1683 979 1791 1020 11,21
1811 978 1856 1013 (16
1873 977 2084 1024 privilegiis
2095 977 2198 1013 urbis
2210 977 2299 1014 Con-

890 1034 1083 1079 politanae
1751 1033 2116 1080 stantinopolitanae

823 1092 866 1126 14
891 1091 935 1127 de
962 1102 1093 1136 campo
1119 1092 1254 1127 Martio
1278 1092 1380 1127 urbis
1404 1092 1543 1128 Romae

824 1150 865 1183 15
891 1149 936 1184 de
961 1160 1100 1185 canone
1125 1149 1367 1186 frumentario
1388 1150 1490 1186 urbis
1507 1150 1645 1186 Romae
1684 1152 1736 1193 11,
1751 1150 1795 1186 23

824 1207 866 1241 16
892 1207 935 1242 (16
968 1207 1153 1243 frumento
1183 1208 1284 1242 urbis
1309 1206 1645 1253 Constantinopoli·
1685 1209 1796 1251 11‚24

892 1266 1003 1299 tanae

825 1321 866 1355 17
893 1321 936 1356 de
962 1321 1117 1356 annonis
1142 1321 1270 1357 civicis
1296 1323 1334 1357 et
1358 1333 1454 1367 pane
1479 1321 1617 1368 gradili
1686 1324 1797 1365 11,25
1822 1322 1866 1358 (16
1891 1322 2049 1358 annonis
2075 1321 2250 1358 civilibus

826 1378 867 1413 18
892 1379 936 1413 de
961 1378 1261 1414 mendicantibus
1284 1391 1358 1414 non
1382 1377 1558 1414 invalidis
1687 1380 1797 1422 11,26
1823 1396 1865 1410 =

826 1436 867 1471 19
893 1436 937 1471 (16
963 1435 1084 1482 pretio
1110 1434 1218 1480 panis
1244 1435 1425 1471 Ostiensis

824 1493 869 1528 20
894 1493 937 1529 (16
962 1493 1085 1538 pretio
1110 1492 1224 1538 piscis

824 1550 865 1585 21
894 1551 938 1586 (16
962 1550 1088 1586 nautis
1114 1549 1298 1586 Tiberinis
1687 1554 1739 1596 11,
1755 1553 1798 1595 27
1825 1569 1868 1583 =

824 1608 868 1642 22
894 1608 938 1643 de
963 1607 1138 1643 saccariis
1163 1608 1295 1642 Portus
1319 1607 1458 1644 Romae

825 1665 869 1700 23
895 1665 938 1700 de
964 1664 1133 1710 patronis
1159 1666 1371 1700 horreorum
1388 1664 1648 1701 Portuensium

825 1724 871 1758 24
895 1723 940 1759 (16
964 1722 1100 1759 mensis
1124 1722 1274 1758 oleariis

826 1781 869 1814 25
896 1780 940 1816 de
965 1780 1148 1815 frumento
1173 1779 1482 1826 Karthaginiensi

1822 1224 1865 1238 ΙΙ
1821 1166 1865 1180 ΙΙ

825 1837 869 1872 26
895 1837 939 1872 (16
964 1837 1148 1874 frumento
1172 1838 1422 1873 Alexandrino
1689 1841 1741 1881 11,
1755 1839 1799 1874 28
1826 1854 1868 1869 =

826 1895 869 1930 27
896 1895 939 1930 (16
964 1894 1238 1932 Alexandrinae
1263 1895 1386 1941 plebis
1411 1896 1635 1940 primatibus
1689 1898 1741 1939 11,
1756 1897 1798 1931 29
1824 1897 1868 1932 (16
1893 1895 2139 1932 Alexandriae
2169 1895 2304 1942 prima-

1756 1954 1858 1989 tibus

849 2103 1182 2139 THEODOSIANI
1213 2104 1355 2140 LIBER
1386 2104 1598 2140 DECIMVS
1631 2104 1847 2145 QVINTVS

852 2196 868 2230 1
898 2196 941 2232 de
967 2196 1141 2242 operibus
1167 2197 1329 2242 publicis
1687 2198 1719 2240 8,
1735 2198 1775 2233 11
1803 2212 1846 2227 =

851 2254 872 2289 2
898 2254 941 2289 de
968 2254 1204 2299 aquaeductu
1690 2255 1802 2297 11,43
1829 2269 1870 2283 =

851 2310 873 2345 3
899 2312 943 2347 (16
968 2312 1102 2347 itinere
1126 2311 1323 2348 muniendo

850 2369 873 2402 4
898 2369 942 2404 de
966 2368 1196 2414 imaginibus
1221 2367 1479 2414 imperialibus
1693 2369 1781 2411 1,24
1804 2369 1848 2405 (16
1866 2367 2002 2405 statuis
2027 2369 2064 2403 et
2080 2365 2308 2414 imaginibus

851 2428 872 2461 5
899 2427 943 2461 (16
968 2426 1194 2472 spectaculis

853 2483 874 2518 6
900 2484 944 2520 de
969 2484 1134 2519 maiuma

853 2541 873 2575 7
901 2541 945 2576 de
971 2541 1151 2577 scaenicis

853 2598 874 2632 8
900 2598 944 2634 (16
969 2598 1162 2634 lenonibus
1691 2606 1696 2628 ¹

1683 2432 1693 2515 l
1715 2451 1768 2492 11,
1780 2451 1823 2485 41
1850 2450 1894 2484 (16
1912 2446 2138 2494 spectaculis
2156 2448 2194 2482 et
2210 2457 2308 2483 scae-

1783 2506 1877 2542 nicis
1901 2509 1940 2542 et
1963 2504 2159 2541 lenonibus

1683 2521 1828 2606 <11,46
1855 2563 1898 2598 de
1924 2562 2088 2598 maiuma

853 2655 874 2689 9
900 2655 944 2690 (16
971 2655 1140 2700 expensis
1165 2655 1334 2690 ludorum
1695 2654 1802 2697 11‚42
1821 2654 1864 2690 de
1883 2652 2053 2699 expensis
2073 2651 2309 2698 publicorum

1760 2712 1931 2747 ludorum

833 2768 876 2803 lO
902 2769 946 2804 de
973 2769 1076 2814 equis
1103 2769 1292 2805 curulibus

835 2826 874 2860 11
903 2826 948 2861 de
975 2826 1172 2863 venatione
1196 2827 1357 2862 ferarum
1695 2826 1806 2868 11,45
1833 2841 1875 2855 =

835 2883 876 2917 12
903 2883 947 2918 (16
973 2883 1246 2929 gladiatoribus
1696 2883 1810 2924 11‚44
1835 2882 1879 2917 de
1909 2880 2183 2927 gladiatoribus
2208 2877 2310 2926 peni-

1764 2942 1825 2975 tus
1849 2937 2026 2974 tollendis

837 2998 878 3032 13
904 2998 948 3032 de
974 3011 1041 3034 usu
1067 2999 1242 3034 sellarum

838 3056 879 3089 14
905 3055 949 3090 de
967 3055 1194 3091 infirmandis
1206 3056 1276 3097 his,
1294 3067 1389 3100 quae
1408 3055 1474 3090 sub
1488 3053 1658 3100 tyrannis

906 3116 972 3148 aut
996 3113 1166 3148 barbaris
1191 3116 1298 3159 gesta
1322 3115 1408 3147 sunt

837 3170 878 3204 15
904 3170 1038 3214 quibus
1055 3182 1239 3206 armorum
1257 3183 1343 3206 usus
1364 3168 1586 3205 interdictus
1603 3170 1659 3203 est
1698 3169 1750 3210 11,
1761 3169 1806 3203 47
1831 3170 1873 3203 ut
1888 3179 2073 3204 armorum
2089 3178 2179 3202 usus
2195 3165 2312 3201 inscio

1766 3225 1936 3272 principe
1962 3223 2183 3261 interdictus
2208 3222 2259 3259 sit
