2485 3615
1100 154 1143 159 —
1193 133 1413 169 CCCLXXX
1462 153 1506 158 —

338 240 404 274 sub
430 252 464 273 n.
484 239 623 283 XIIII),
654 238 793 282 legitur
822 237 877 272 ibi
909 240 1101 280 tamquam
1124 236 1307 283 praefatio
1331 236 1704 284 canonum-Fulqenti
1731 237 1918 274 Ferrandi
1943 240 2102 275 ecclesiae
2124 241 2272 277 Cartha-

336 297 498 340 9enensis
524 295 604 340 (sic)
629 306 750 339 neque
775 295 980 338 quidquam
1008 305 1090 327 011111
1115 292 1187 328 hac
1215 295 1342 327 nostra
1367 296 1563 330 commune
1583 293 1711 333 habet.

456 353 736 396 Theodosianus
765 354 915 396 praeter
944 361 1005 385 sex
1031 350 1317 385 constitutiones
1345 351 1374 385 1.
1392 350 1424 386 3.
1443 351 1475 389 5.
1494 351 1525 386 7.
1543 351 1638 386 813
1670 351 1834 396 reliquas
1862 355 1929 389 aut
1958 354 2125 400 integras
2156 355 2273 392 habet

338 414 403 446 aut
429 410 657 456 epitomatas
683 412 719 444 et
747 408 885 453 passim
910 407 1122 452 bipertitas,
1149 407 1247 442 sicut
1272 407 1320 442 ad
1345 402 1810 453 singulas'adnotavimus.

253 481 297 512 W
452 479 683 524 Singillatim
708 489 751 513 ex
769 475 1101 512 constitutionibus
1118 476 1387 512 Sirmondianis
1404 488 1478 512 una
1496 478 1576 512 sola
1592 477 1699 512 nobis
1717 478 1861 515 tradita
1885 481 1952 522 est,
1976 481 2122 516 scilicet
2138 481 2271 526 prima,

337 549 431 581 quae
457 537 575 571 forma
600 547 622 570 a
648 534 908 569 Sirmondiana
933 533 1081 568 diversa
1105 533 1246 578 legitur
1271 534 1417 579 plenior
1443 538 1480 570 et
1513 535 1638 580 capite
1671 538 1710 571 et
1740 536 1811 571 fine
1842 537 1881 571 in
1905 537 2073 583 syllogae
2099 539 2271 574 ecclesia-

337 595 468 635 sticae,
496 605 607 637 quam
631 592 935 637 Andegavensem
961 590 1164 635 appellant
1189 591 1374 634 (Maassen
1399 593 1423 627 I.
1442 592 1466 627 l.
1495 593 1510 627 1
1539 605 1574 638 p.
1593 592 1658 628 821
1674 596 1781 638 seq.),
1814 594 2020 640 exemplari
2046 597 2157 631 aucto
2182 596 2273 631 olim

336 650 615 696 Weingartensi
650 661 744 684 nunc
777 648 1051 693 Stuttgartensi
1079 648 1145 683 113
1169 660 1264 684 saec.
1282 649 1389 692 VIII,
1421 649 1529 684 nobis
1553 650 1608 692 W,
1643 651 1711 686 sub
1743 663 1778 686 n.
1798 651 1863 687 CII
1888 652 1911 686 f.
1932 652 1999 686 194
2029 652 2128 695 (inde
2153 653 2272 689 edidit

336 708 489 744 Schulte
520 707 725 748 Festschrift
754 708 817 747 fiir
848 705 1078 740 *Wmdschez'd
1114 707 1265 742 Bonnae
1293 707 1380 742 1888
1411 707 1445 752 [4
1470 719 1533 752 pp.
1555 708 1610 753 15]
1648 711 1686 744 et
1723 709 1763 743 in
1797 708 1894 744 actis
1926 709 2133 745 minoribus
2167 711 2271 746 acad.

335 766 544 801 Vindobon.
571 765 615 799 cl.
642 764 735 809 phil.
754 763 841 798 hist.
869 762 940 798 vol.
961 763 1025 798 117
1053 775 1084 798 a.
1106 763 1194 798 1889
1226 775 1355 799 00111111.
1374 765 1426 799 XI
1459 777 1494 810 p.
1516 765 1570 809 12)
1602 765 1655 800 sic
1687 765 1870 812 inscripto
1899 759 2028 812 ‘inci—p
2051 778 2157 802 sacra
2183 766 2272 802 Con-

336 823 494 858 stantini
519 822 662 866 impera
687 821 763 863 (sie)
791 820 834 854 de
861 819 1087 855 testimoniis
1113 820 1395 866 episcoporum‘.

112 892 289 926 Editiones
450 891 503 926 De
530 889 756 925 editionibus
782 889 875 924 haec
901 888 1074 924 videntur
1099 889 1313 925 adnotanda
1339 901 1428 925 esse.
1509 935 1514 938 Ι

455 948 627 983 Cuiacius
661 947 802 992 primus
834 947 874 981 111
904 946 1063 991 Corpore
1095 947 1189 982 Iuris
1221 938 1517 983 Anteiustiniani
1551 960 1582 983 a.
1604 948 1691 983 1566
1727 948 1846 984 edidit
1879 949 2165 986 constitutiones
2198 952 2274 986 tres
2310 970 2312 973 ν

337 1007 493 1052 primas,
530 1006 658 1049 quales
690 1004 839 1040 invenit
872 1003 911 1038 in
943 1004 1071 1039 codice
1101 1007 1227 1040 nostro
1255 1005 1300 1039 E.
1356 1005 1399 1039 In
1431 1005 1552 1041 altera
1584 1005 1748 1042 editione
1778 1018 1810 1042 a.
1838 1006 1926 1041 1586
1957 1007 2054 1042 nihil
2084 1007 2274 1042 invenitur

332 1066 527 1099 mutatum.

448 1120 625 1156 Seldenus
643 1119 713 1155 etsi
732 1119 868 1154 habuit
886 1119 1051 1154 codicem
1068 1121 1235 1154 nostrum
1253 1119 1281 1154 Ο
1307 1119 1511 1164 pleniorem
1530 1119 1733 1156 Cuiaciano
1750 1121 2045 1167 memoravitque
2062 1121 2101 1156 in
2119 1121 2271 1168 scriptis

333 1179 407 1213 suis
434 1178 477 1213 de
502 1188 612 1212 uxore
631 1176 817 1212 Hebraica
843 1177 968 1219 111,28
995 1179 1096 1222 (opp.
1116 1178 1148 1221 2,
1169 1177 1271 1221 1830)
1299 1180 1337 1212 et
1362 1178 1406 1213 de
1432 1178 1616 1222 synedriis
1642 1179 1657 1213 Ι
1683 1180 1783 1224 (opp.
1804 1180 1834 1221 1,
1852 1179 1936 1225 965)
1963 1179 2271 1215 constitutionem

333 1236 629 1271 Sirmondianam
653 1234 823 1280 primam,
850 1235 995 1270 inedita
1020 1235 1106 1275 inde
1131 1246 1204 1270 non
1230 1236 1401 1280 protulit.
2251 1274 2253 1276 ¹

449 1293 662 1328 Sirmondus
688 1293 830 1338 primus
855 1292 973 1327 edidit
998 1293 1169 1338 syllogen
1194 1293 1406 1328 universam
1433 1293 1471 1327 in
1495 1293 1718 1338 ‘appendice
1737 1293 1875 1329 codicis
1893 1294 2144 1329 Theodosiani
2165 1294 2272 1329 novis
2297 1325 2304 1328 .

333 1350 663 1387 constitutionibus
690 1350 948 1386 cumulatiore'
972 1350 1126 1385 Parisiis
1153 1362 1186 1385 a.
1206 1350 1292 1385 1631
1319 1350 1364 1394 (8.
1383 1362 1446 1395 pp.
1465 1351 1558 1395 240).
1599 1351 1653 1385 Ex
1671 1350 2013 1394 constitutionibus,
2036 1363 2129 1396 quas
2154 1351 2271 1387 editio

332 1412 503 1445 numerat
520 1409 617 1450 XXI,
644 1408 805 1443 sedecim
828 1408 971 1453 primae
997 1410 1084 1442 sunt
1110 1408 1278 1454 syllogae
1303 1411 1464 1450 nostrae,
1490 1409 1606 1443 XVII.
1633 1408 1759 1443 XVIII
1786 1408 2068 1445 Theodosianae
2088 1411 2116 1451 1,
2131 1410 2186 1452 27,
2201 1411 2232 1444 1.
2251 1410 2272 1444 2

334 1468 372 1503 111
398 1467 494 1502 libro
520 1466 699 1512 primario
716 1466 751 1499 Z
772 1465 939 1510 syllogae
968 1468 1116 1500 nostrae
1142 1466 1381 1507 subiunctae;
1408 1466 1551 1500 XVIIII
1579 1466 1637 1511 (=
1649 1466 1798 1502 Haenel
1817 1466 1959 1512 Corpus
1983 1467 2111 1513 legum
2134 1480 2171 1513 p.
2189 1467 2272 1512 238)

337 1525 441 1561 venit
472 1536 516 1559 ex
549 1524 675 1559 codice
706 1534 750 1558 eo
782 1525 948 1568 tempore
975 1523 1200 1565 Pithoeano,
1232 1524 1297 1568 qui
1330 1524 1478 1559 videtur
1508 1535 1585 1559 esse
1618 1524 1807 1560 Parisinus
1834 1525 1941 1567 1564;
1974 1525 2044 1560 XX
2074 1536 2119 1561 ex
2144 1524 2272 1560 codice

333 1585 412 1617 tum
449 1581 656 1623 Corbiensi,
694 1579 769 1615 iam
805 1580 972 1615 Parisino
1007 1581 1134 1623 12097,
1169 1581 1213 1616 de
1248 1592 1320 1625 quo
1354 1581 1462 1616 modo
1497 1581 1655 1628 egimus;
1692 1583 1779 1617 XXI
1815 1585 1872 1619 est
1906 1582 2044 1619 Theod.
2071 1582 2125 1624 16,
2144 1582 2216 1625 6,4
2249 1592 2272 1616 a

332 1640 524 1675 Sirmondo
550 1641 701 1684 sumpta
727 1650 770 1674 ex
796 1643 921 1674 nostro
945 1638 987 1674 Y.

453 1698 642 1732 Gustavus
672 1696 815 1731 Haenel
854 1695 911 1730 bis
943 1695 1112 1741 syllogen
1145 1695 1282 1739 edidit,
1320 1695 1480 1741 primum
1511 1696 1569 1732 ‘de
1601 1696 1950 1741 constitutionibus,
1987 1708 2080 1742 quas
2115 1696 2272 1732 Iacobus

332 1754 542 1789 Sirmondus
560 1753 713 1790 Parisiis
739 1765 770 1788 a.
791 1753 876 1788 1631
905 1753 1037 1788 edidit'
1061 1752 1210 1798 Lipsiae
1235 1764 1268 1787 a.
1289 1753 1388 1794 1840,
1422 1752 1555 1788 deinde
1580 1755 1666 1799 post
1684 1754 1935 1790 Theodosiani
1959 1755 2129 1790 novellas
2152 1754 2271 1798 (1844)

335 1826 368 1858 p.
387 1812 598 1855 405—480,
633 1811 672 1846 in
703 1811 936 1857 praefatione
966 1811 1192 1856 redarguens
1227 1823 1338 1855 quam
1370 1810 1526 1846 Iacobus
1551 1810 1800 1847 Gothofredus
1833 1811 1974 1848 iecerat
2007 1811 2129 1857 magis
2159 1822 2272 1856 quam

334 1870 564 1916 probandam
590 1869 711 1905 iverat
736 1869 951 1914 opinionem
978 1868 1263 1904 constitutiones
1288 1869 1400 1904 hasce
1425 1868 1584 1904 ficticias
1610 1881 1698 1905 esse.

179 1942 284 1975 Crisis
447 1940 570 1975 Codex
594 1939 640 1982 Z,
672 1950 781 1984 quem
813 1939 851 1973 in
877 1937 1208 1973 constitutionibus
1238 1941 1387 1983 septem
1413 1938 1681 1983 posterioribus
1711 1938 1864 1974 unicum
1893 1938 1969 1974 fere
2001 1940 2136 1974 testem
2161 1937 2272 1972 habe-

333 2011 428 2042 mus,
461 1999 500 2032 in
530 2000 674 2042 septem
708 1995 892 2041 prioribus
919 1994 1074 2040 reliquis
1099 1997 1209 2042 longe
1234 1996 1442 2039 meliorem,
1474 1996 1717 2032 nihilominus
1753 1995 1893 2041 passim
1923 1996 2007 2031 hiat
2037 1994 2199 2031 maxime
2231 1994 2270 2029 in

332 2055 659 2100 inscriptionibus,
693 2066 785 2099 quas
814 2053 953 2099 passim
987 2056 1053 2089 aut
1084 2052 1227 2090 omittit
1258 2057 1324 2090 aut
1353 2056 1520 2096 truncat,
1554 2055 1721 2099 adeoque
1752 2046 2031 2090 constitutionis
2057 2054 2099 2088 15
2124 2055 2272 2099 partem

337 2116 539 2149 extremam
573 2112 728 2148 omittit.
777 2111 831 2146 Ex
867 2111 1058 2147 codicibus
1088 2111 1243 2156 reliquis
1268 2112 1310 2146 E
1337 2111 1452 2147 libros
1484 2112 1593 2147 YDO
1626 2111 1799 2147 bonitate
1831 2111 1949 2147 vincit
1980 2112 2025 2156 (2,
2043 2111 2119 2154 26),
2151 2109 2272 2146 nihilo

332 2171 452 2206 minus
480 2183 563 2206 cum
587 2181 660 2204 non
686 2170 826 2205 habeat
850 2168 923 2204 nisi
948 2172 1023 2204 tres
1047 2169 1188 2214 primas
1214 2181 1333 2214 neque
1359 2181 1420 2205 eas
1446 2169 1692 2215 incorruptas,
1719 2169 1919 2205 deteriores
1945 2168 2046 2204 abici
2070 2169 2271 2213 nequeunt.

336 2229 482 2264 Codicis
507 2228 540 2262 Z
565 2226 745 2263 lectiones
771 2225 987 2271 aliquoties,
1020 2227 1111 2262 licet
1140 2239 1235 2269 raro,
1267 2238 1311 2261 ex
1341 2227 1445 2263 hisce
1471 2226 1660 2263 emendari
1685 2226 1886 2262 ostendunt
1910 2225 2090 2261 lectiones
2114 2227 2136 2261 2
2161 2225 2270 2260 inser.

333 2290 371 2322 et
396 2288 427 2330 2,
446 2286 491 2320 24
519 2284 599 2330 (ubi
623 2285 687 2319 hoc
712 2285 760 2319 eis
784 2284 985 2320 lectionem
1002 2284 1125 2320 firmat
1145 2284 1451 2327 Theodosianus).
1492 2284 1805 2329 Interpolationes
1822 2283 2066 2329 gravissimae
2093 2282 2131 2318 in
2152 2283 2271 2318 tribus

329 2344 398 2387 his,
423 2342 584 2378 maxime
610 2342 649 2377 in
669 2342 707 2384 O,
735 2342 937 2378 abundant.
987 2342 1159 2378 Ceterum
1184 2342 1466 2378 Theodosianae
1492 2342 1692 2388 epitomae,
1721 2353 1878 2386 quarum
1903 2340 2047 2376 variam
2071 2340 2272 2376 lectionem

333 2400 611 2446 adscripsimus,
646 2400 787 2445 passim
818 2400 974 2436 meliora
1006 2401 1305 2436 subministrant.
1355 2401 1442 2446 Ipsa
1472 2399 1645 2445 exempla
1674 2399 1794 2434 multo
1824 2398 1945 2445 magis
1978 2400 2153 2444 corrupta
2184 2399 2272 2433 sunt

334 2447 445 2504 quani
469 2459 610 2494 inserta
635 2457 895 2493 Theodosiano
921 2460 959 2493 et
984 2458 1124 2503 passim
1149 2458 1389 2494 insanabilia.

143 2531 262 2564 Ortlzo-
456 2526 759 2573 Orthographica
778 2526 916 2562 codicis
933 2527 968 2561 Z
988 2527 1101 2562 solita
1127 2527 1207 2562 eius
1226 2527 1364 2562 aetatis
1382 2526 1477 2561 vitia
1495 2526 1711 2562 ostendunt:
1738 2525 2015 2561 confunduntur
2037 2535 2078 2559 ae
2103 2535 2120 2560 e
2144 2524 2272 2568 (laeni-

110 2579 280 2622 ΨαΡῘῑῖθα
334 2589 388 2620 tas
416 2606 457 2609 —
484 2586 583 2620 lucae
609 2605 651 2609 —
672 2586 846 2628 paenitus
871 2605 914 2610 —
935 2596 1097 2628 macces,
1135 2585 1227 2620 item
1247 2585 1471 2629 prestiterim
1494 2604 1539 2608 —
1566 2584 1712 2628 questio)
1739 2603 1785 2608 —
1811 2594 1828 2618 e
1858 2583 1873 2618 i
1903 2583 2013 2627 (felex
2037 2602 2079 2608 —
2106 2582 2269 2625 felicetas,

335 2642 426 2677 item
450 2643 656 2677 contumilia
680 2662 722 2667 —-
746 2642 941 2687 yaudiant)
973 2663 1016 2667 —
1049 2653 1069 2676 o
1099 2654 1126 2676 u
1152 2642 1360 2687 (humicidis
1385 2661 1429 2666 —
1457 2642 1666 2685 lamonem),
1699 2642 1791 2677 item
1822 2640 1847 2675 d
1877 2644 1890 2676 t
1923 2640 1964 2675 in
1993 2639 2065 2675 fine
2097 2639 2270 2676 vocabuli

332 2699 463 2742 (adque
487 2719 528 2724 --
555 2700 663 2743 illut),
690 2710 772 2735 raro
796 2710 814 2734 c
838 2703 852 2734 t
877 2700 1049 2742 (conditio
1077 2720 1116 2724 -
1143 2700 1376 2744 contumatia)
1384 2708 1398 2742 ;
1423 2698 1600 2734 scribitur
1625 2699 1773 2734 diocisis.
