<?xml version="1.0" encoding="UTF-8"?>
<!DOCTYPE html PUBLIC "-//W3C//DTD XHTML 1.0 Transitional//EN"
    "http://www.w3.org/TR/xhtml1/DTD/xhtml1-transitional.dtd">
<html xmlns="http://www.w3.org/1999/xhtml" xml:lang="en" lang="en">
 <head>
  <title>
</title>
<meta http-equiv="Content-Type" content="text/html;charset=utf-8" />
  <meta name='ocr-system' content='tesseract 3.04.00' />
  <meta name='ocr-capabilities' content='ocr_page ocr_carea ocr_par ocr_line ocrx_word'/>
</head>
<body>
  <div class='ocr_page' id='page_1' title='image "./theodosianilibri00codeuoft_0327.png"; bbox 0 0 2501 3615; ppageno 0'>
   <div class='ocr_carea' id='block_1_1' title="bbox 956 134 1316 171">
    <p class='ocr_par' dir='ltr' id='par_1_1' title="bbox 956 134 1316 171">
     <span class='ocr_line' id='line_1_1' title="bbox 956 134 1316 171; baseline -0.003 0"><span class='ocrx_word' id='word_1_1' title='bbox 956 155 998 160; x_wconf 95' lang='lat'>—</span> <span class='ocrx_word' id='word_1_2' title='bbox 1049 134 1226 171; x_wconf 87' lang='lat' dir='ltr'>CCCXXI</span> <span class='ocrx_word' id='word_1_3' title='bbox 1274 155 1316 160; x_wconf 91' lang='lat'>—</span> 
     </span>
    </p>
   </div>
   <div class='ocr_carea' id='block_1_2' title="bbox 263 236 2098 1325">
    <p class='ocr_par' dir='ltr' id='par_1_2' title="bbox 263 236 2098 1325">
     <span class='ocr_line' id='line_1_2' title="bbox 268 236 2096 286; baseline 0.002 -14"><span class='ocrx_word' id='word_1_4' title='bbox 268 239 417 282; x_wconf 88' lang='lat' dir='ltr'>praeter</span> <span class='ocrx_word' id='word_1_5' title='bbox 436 237 556 282; x_wconf 83' lang='lat' dir='ltr'>legem</span> <span class='ocrx_word' id='word_1_6' title='bbox 575 236 778 273; x_wconf 84' lang='lat' dir='ltr'>Romanam</span> <span class='ocrx_word' id='word_1_7' title='bbox 804 238 917 274; x_wconf 78' lang='lat' dir='ltr'>etiam</span> <span class='ocrx_word' id='word_1_8' title='bbox 933 239 1168 275; x_wconf 86' lang='lat' dir='ltr'>‘documenta</span> <span class='ocrx_word' id='word_1_9' title='bbox 1186 242 1397 275; x_wconf 83' lang='lat' dir='ltr'>sanctorum</span> <span class='ocrx_word' id='word_1_10' title='bbox 1414 239 1688 286; x_wconf 78' lang='lat' dir='ltr'>apostolorum‘,</span> <span class='ocrx_word' id='word_1_11' title='bbox 1712 240 1930 286; x_wconf 86' lang='lat' dir='ltr'>‘scripturae</span> <span class='ocrx_word' id='word_1_12' title='bbox 1948 240 2096 277; x_wconf 80' lang='lat' dir='ltr'>divinae</span> 
     </span>
     <span class='ocr_line' id='line_1_3' title="bbox 271 294 2096 343; baseline 0.003 -14"><span class='ocrx_word' id='word_1_13' title='bbox 271 294 506 337; x_wconf 75' lang='lat' dir='ltr'>testimonia-⁹,</span> <span class='ocrx_word' id='word_1_14' title='bbox 540 295 815 331; x_wconf 84' lang='lat' dir='ltr'>‘auctoritatem</span> <span class='ocrx_word' id='word_1_15' title='bbox 850 295 1163 338; x_wconf 85' lang='lat' dir='ltr'>ecclesiasticam&#39;‚</span> <span class='ocrx_word' id='word_1_16' title='bbox 1198 297 1437 343; x_wconf 82' lang='lat' dir='ltr'>‘sapientium</span> <span class='ocrx_word' id='word_1_17' title='bbox 1469 297 1781 333; x_wconf 88' lang='lat' dir='ltr'>consuetudinem’</span> <span class='ocrx_word' id='word_1_18' title='bbox 1814 303 2019 336; x_wconf 87' lang='lat' dir='ltr'>memorant</span> <span class='ocrx_word' id='word_1_19' title='bbox 2054 313 2096 335; x_wconf 87' lang='lat' dir='ltr'>ex</span> 
     </span>
     <span class='ocr_line' id='line_1_4' title="bbox 269 351 2096 404; baseline 0.003 -17"><span class='ocrx_word' id='word_1_20' title='bbox 269 352 394 397; x_wconf 89' lang='lat' dir='ltr'>eisque</span> <span class='ocrx_word' id='word_1_21' title='bbox 426 351 587 388; x_wconf 87' lang='lat' dir='ltr'>rationes</span> <span class='ocrx_word' id='word_1_22' title='bbox 619 353 859 389; x_wconf 84' lang='lat' dir='ltr'>donationum</span> <span class='ocrx_word' id='word_1_23' title='bbox 889 354 1234 390; x_wconf 82' lang='lat' dir='ltr'>conscribendarum</span> <span class='ocrx_word' id='word_1_24' title='bbox 1268 355 1417 390; x_wconf 87' lang='lat' dir='ltr'>ducunt.</span> <span class='ocrx_word' id='word_1_25' title='bbox 1468 355 1693 398; x_wconf 81' lang='lat' dir='ltr'>Quibuscum</span> <span class='ocrx_word' id='word_1_26' title='bbox 1726 357 1891 392; x_wconf 81' lang='lat' dir='ltr'>conferas</span> <span class='ocrx_word' id='word_1_27' title='bbox 1921 369 2096 404; x_wconf 85' lang='lat' dir='ltr'>arengam</span> 
     </span>
     <span class='ocr_line' id='line_1_5' title="bbox 271 411 2097 458; baseline 0.002 -12"><span class='ocrx_word' id='word_1_28' title='bbox 271 411 441 452; x_wconf 84' lang='lat' dir='ltr'>chartae,</span> <span class='ocrx_word' id='word_1_29' title='bbox 476 423 549 455; x_wconf 89' lang='lat' dir='ltr'>qua</span> <span class='ocrx_word' id='word_1_30' title='bbox 575 411 798 447; x_wconf 81' lang='lat' dir='ltr'>Isembertus</span> <span class='ocrx_word' id='word_1_31' title='bbox 833 412 1030 458; x_wconf 85' lang='lat' dir='ltr'>episcopus</span> <span class='ocrx_word' id='word_1_32' title='bbox 1059 412 1307 448; x_wconf 82' lang='lat' dir='ltr'>Pictaviensis</span> <span class='ocrx_word' id='word_1_33' title='bbox 1340 425 1436 448; x_wconf 78' lang='lat' dir='ltr'>anno</span> <span class='ocrx_word' id='word_1_34' title='bbox 1471 414 1557 449; x_wconf 88' lang='grc'>1029</span> <span class='ocrx_word' id='word_1_35' title='bbox 1592 425 1714 450; x_wconf 90' lang='lat' dir='ltr'>mense</span> <span class='ocrx_word' id='word_1_36' title='bbox 1744 414 1843 449; x_wconf 88' lang='lat' dir='ltr'>Maio</span> <span class='ocrx_word' id='word_1_37' title='bbox 1878 415 2097 451; x_wconf 80' lang='lat' dir='ltr'>Cadeloneni</span> 
     </span>
     <span class='ocr_line' id='line_1_6' title="bbox 273 468 2096 515; baseline 0.003 -12"><span class='ocrx_word' id='word_1_38' title='bbox 273 468 528 504; x_wconf 74' lang='lat' dir='ltr'>vicecomitem</span> <span class='ocrx_word' id='word_1_39' title='bbox 569 469 721 514; x_wconf 88' lang='lat' dir='ltr'>eiusque</span> <span class='ocrx_word' id='word_1_40' title='bbox 755 470 871 505; x_wconf 91' lang='lat' dir='ltr'>filium</span> <span class='ocrx_word' id='word_1_41' title='bbox 909 470 1104 506; x_wconf 82' lang='lat' dir='ltr'>ecclesiam</span> <span class='ocrx_word' id='word_1_42' title='bbox 1137 471 1323 515; x_wconf 79' lang='lat' dir='ltr'>quandam</span> <span class='ocrx_word' id='word_1_43' title='bbox 1359 471 1582 507; x_wconf 83' lang='lat' dir='ltr'>monasterio</span> <span class='ocrx_word' id='word_1_44' title='bbox 1616 471 1851 508; x_wconf 87' lang='lat' dir='ltr'>Cluniacensi</span> <span class='ocrx_word' id='word_1_45' title='bbox 1886 473 2096 510; x_wconf 70' lang='lat' dir='ltr'>submisisse</span> 
     </span>
     <span class='ocr_line' id='line_1_7' title="bbox 271 526 2096 575; baseline 0.003 -14"><span class='ocrx_word' id='word_1_46' title='bbox 271 526 514 562; x_wconf 83' lang='lat' dir='ltr'>confirmavit.</span> <span class='ocrx_word' id='word_1_47' title='bbox 564 527 605 562; x_wconf 90' lang='lat' dir='ltr'>In</span> <span class='ocrx_word' id='word_1_48' title='bbox 631 539 705 572; x_wconf 87' lang='lat' dir='ltr'>qua</span> <span class='ocrx_word' id='word_1_49' title='bbox 736 528 859 574; x_wconf 87' lang='lat' dir='ltr'>legere</span> <span class='ocrx_word' id='word_1_50' title='bbox 890 531 996 573; x_wconf 89' lang='lat' dir='ltr'>potes</span> <span class='ocrx_word' id='word_1_51' title='bbox 1020 527 1148 563; x_wconf 84' lang='lat' dir='ltr'>‘etiam</span> <span class='ocrx_word' id='word_1_52' title='bbox 1175 529 1420 564; x_wconf 81' lang='lat' dir='ltr'>Romanorum</span> <span class='ocrx_word' id='word_1_53' title='bbox 1446 529 1680 575; x_wconf 81' lang='lat' dir='ltr'>principatus</span> <span class='ocrx_word' id='word_1_54' title='bbox 1705 530 1787 575; x_wconf 87' lang='lat' dir='ltr'>Iege</span> <span class='ocrx_word' id='word_1_55' title='bbox 1813 530 1995 566; x_wconf 87' lang='lat' dir='ltr'>sancitum</span> <span class='ocrx_word' id='word_1_56' title='bbox 2020 544 2096 567; x_wconf 82' lang='lat' dir='ltr'>esse</span> 
     </span>
     <span class='ocr_line' id='line_1_8' title="bbox 267 583 2097 632; baseline 0.002 -13"><span class='ocrx_word' id='word_1_57' title='bbox 267 583 486 620; x_wconf 78' lang='lat' dir='ltr'>donationes</span> <span class='ocrx_word' id='word_1_58' title='bbox 512 584 725 630; x_wconf 85' lang='lat' dir='ltr'>script-ionis</span> <span class='ocrx_word' id='word_1_59' title='bbox 749 585 842 620; x_wconf 89' lang='lat' dir='ltr'>serie</span> <span class='ocrx_word' id='word_1_60' title='bbox 867 585 1076 630; x_wconf 87' lang='lat' dir='ltr'>antiquitus</span> <span class='ocrx_word' id='word_1_61' title='bbox 1094 585 1340 631; x_wconf 79' lang='lat' dir='ltr'>legaliterque</span> <span class='ocrx_word' id='word_1_62' title='bbox 1358 586 1548 622; x_wconf 83' lang='lat' dir='ltr'>faciendas</span> <span class='ocrx_word' id='word_1_63' title='bbox 1565 587 1697 631; x_wconf 81' lang='lat' dir='ltr'>esse&#39;.¹)</span> <span class='ocrx_word' id='word_1_64' title='bbox 1739 588 1870 632; x_wconf 86' lang='lat' dir='ltr'>Itaque</span> <span class='ocrx_word' id='word_1_65' title='bbox 1888 587 2097 623; x_wconf 84' lang='lat' dir='ltr'>donationis</span> 
     </span>
     <span class='ocr_line' id='line_1_9' title="bbox 268 641 2096 690; baseline 0.003 -14"><span class='ocrx_word' id='word_1_66' title='bbox 268 641 463 678; x_wconf 86' lang='lat' dir='ltr'>Bertranni</span> <span class='ocrx_word' id='word_1_67' title='bbox 488 641 657 688; x_wconf 83' lang='lat' dir='ltr'>episcopi</span> <span class='ocrx_word' id='word_1_68' title='bbox 682 642 850 678; x_wconf 84' lang='lat' dir='ltr'>Reiensis</span> <span class='ocrx_word' id='word_1_69' title='bbox 875 642 1160 678; x_wconf 77' lang='lat' dir='ltr'>instrumentum</span> <span class='ocrx_word' id='word_1_70' title='bbox 1187 654 1282 678; x_wconf 88' lang='lat' dir='ltr'>anno</span> <span class='ocrx_word' id='word_1_71' title='bbox 1308 644 1393 678; x_wconf 86' lang='grc'>1052</span> <span class='ocrx_word' id='word_1_72' title='bbox 1421 644 1627 679; x_wconf 87' lang='lat' dir='ltr'>confectum</span> <span class='ocrx_word' id='word_1_73' title='bbox 1653 644 1746 679; x_wconf 89' lang='lat' dir='ltr'>dicit</span> <span class='ocrx_word' id='word_1_74' title='bbox 1768 646 1824 681; x_wconf 88' lang='lat' dir='ltr'>‘ut</span> <span class='ocrx_word' id='word_1_75' title='bbox 1849 645 2096 690; x_wconf 86' lang='lat' dir='ltr'>cuiuscunque</span> 
     </span>
     <span class='ocr_line' id='line_1_10' title="bbox 269 699 2096 745; baseline 0.003 -12"><span class='ocrx_word' id='word_1_76' title='bbox 269 699 321 734; x_wconf 90' lang='lat' dir='ltr'>rei</span> <span class='ocrx_word' id='word_1_77' title='bbox 357 699 510 735; x_wconf 89' lang='lat' dir='ltr'>donatio</span> <span class='ocrx_word' id='word_1_78' title='bbox 545 699 703 736; x_wconf 82' lang='lat' dir='ltr'>litterali</span> <span class='ocrx_word' id='word_1_79' title='bbox 739 699 1029 745; x_wconf 79' lang='lat' dir='ltr'>particulatione</span> <span class='ocrx_word' id='word_1_80' title='bbox 1064 699 1305 745; x_wconf 83' lang='lat' dir='ltr'>insigniretur</span> <span class='ocrx_word' id='word_1_81' title='bbox 1338 703 1377 736; x_wconf 92' lang='lat' dir='ltr'>et</span> <span class='ocrx_word' id='word_1_82' title='bbox 1410 702 1562 737; x_wconf 91' lang='lat' dir='ltr'>testium</span> <span class='ocrx_word' id='word_1_83' title='bbox 1596 703 1803 738; x_wconf 89' lang='lat' dir='ltr'>munitione</span> <span class='ocrx_word' id='word_1_84' title='bbox 1836 703 2096 745; x_wconf 53' lang='lat' dir='ltr'>firmatam-12)</span> 
     </span>
     <span class='ocr_line' id='line_1_11' title="bbox 267 756 2097 805; baseline 0.003 -14"><span class='ocrx_word' id='word_1_85' title='bbox 267 756 362 792; x_wconf 88' lang='lat' dir='ltr'>Dein</span> <span class='ocrx_word' id='word_1_86' title='bbox 398 757 530 792; x_wconf 81' lang='lat' dir='ltr'>charta</span> <span class='ocrx_word' id='word_1_87' title='bbox 564 757 774 793; x_wconf 89' lang='lat' dir='ltr'>donationis</span> <span class='ocrx_word' id='word_1_88' title='bbox 805 757 1018 803; x_wconf 84' lang='lat' dir='ltr'>Berengarii</span> <span class='ocrx_word' id='word_1_89' title='bbox 1052 757 1313 793; x_wconf 87' lang='lat' dir='ltr'>Foroiuliensis</span> <span class='ocrx_word' id='word_1_90' title='bbox 1347 758 1514 804; x_wconf 84' lang='lat' dir='ltr'>episcopi</span> <span class='ocrx_word' id='word_1_91' title='bbox 1548 760 1666 802; x_wconf 86' lang='grc'>(1095)</span> <span class='ocrx_word' id='word_1_92' title='bbox 1705 760 1858 805; x_wconf 85' lang='lat' dir='ltr'>exponit</span> <span class='ocrx_word' id='word_1_93' title='bbox 1891 762 2097 797; x_wconf 82' lang='lat' dir='ltr'>‘Romanae</span> 
     </span>
     <span class='ocr_line' id='line_1_12' title="bbox 265 814 2098 863; baseline 0.003 -14"><span class='ocrx_word' id='word_1_94' title='bbox 265 814 360 860; x_wconf 83' lang='lat' dir='ltr'>legis</span> <span class='ocrx_word' id='word_1_95' title='bbox 386 814 616 860; x_wconf 88' lang='lat' dir='ltr'>aliarumque</span> <span class='ocrx_word' id='word_1_96' title='bbox 642 815 767 861; x_wconf 86' lang='lat' dir='ltr'>legum</span> <span class='ocrx_word' id='word_1_97' title='bbox 793 815 926 851; x_wconf 79' lang='lat' dir='ltr'>docent</span> <span class='ocrx_word' id='word_1_98' title='bbox 958 818 1178 861; x_wconf 87' lang='lat' dir='ltr'>praecepta,</span> <span class='ocrx_word' id='word_1_99' title='bbox 1213 816 1282 851; x_wconf 87' lang='lat' dir='ltr'>hoc</span> <span class='ocrx_word' id='word_1_100' title='bbox 1315 815 1429 851; x_wconf 85' lang='lat' dir='ltr'>etiarn</span> <span class='ocrx_word' id='word_1_101' title='bbox 1464 819 1674 852; x_wconf 86' lang='lat' dir='ltr'>sanctorum</span> <span class='ocrx_word' id='word_1_102' title='bbox 1706 822 1855 863; x_wconf 87' lang='lat' dir='ltr'>patrum</span> <span class='ocrx_word' id='word_1_103' title='bbox 1882 819 2098 854; x_wconf 89' lang='lat' dir='ltr'>confirmant</span> 
     </span>
     <span class='ocr_line' id='line_1_13' title="bbox 266 872 2096 919; baseline 0.002 -11"><span class='ocrx_word' id='word_1_104' title='bbox 266 872 458 916; x_wconf 86' lang='lat' dir='ltr'>instituta,</span> <span class='ocrx_word' id='word_1_105' title='bbox 495 875 538 908; x_wconf 94' lang='lat' dir='ltr'>ut</span> <span class='ocrx_word' id='word_1_106' title='bbox 562 872 771 918; x_wconf 89' lang='lat' dir='ltr'>quicunque</span> <span class='ocrx_word' id='word_1_107' title='bbox 802 873 947 918; x_wconf 86' lang='lat' dir='ltr'>aliquid</span> <span class='ocrx_word' id='word_1_108' title='bbox 979 873 1023 909; x_wconf 90' lang='lat' dir='ltr'>de</span> <span class='ocrx_word' id='word_1_109' title='bbox 1054 885 1118 909; x_wconf 88' lang='lat' dir='ltr'>suo</span> <span class='ocrx_word' id='word_1_110' title='bbox 1150 873 1188 908; x_wconf 88' lang='lat' dir='ltr'>in</span> <span class='ocrx_word' id='word_1_111' title='bbox 1214 873 1367 909; x_wconf 84' lang='lat' dir='ltr'>alterius</span> <span class='ocrx_word' id='word_1_112' title='bbox 1394 877 1618 919; x_wconf 87' lang='lat' dir='ltr'>potestatem</span> <span class='ocrx_word' id='word_1_113' title='bbox 1645 877 1900 912; x_wconf 80' lang='lat' dir='ltr'>transfundere</span> <span class='ocrx_word' id='word_1_114' title='bbox 1927 877 2096 917; x_wconf 86' lang='lat' dir='ltr'>voluerit,</span> 
     </span>
     <span class='ocr_line' id='line_1_14' title="bbox 267 930 2095 980; baseline 0.002 -14"><span class='ocrx_word' id='word_1_115' title='bbox 267 942 333 976; x_wconf 86' lang='lat' dir='ltr'>per</span> <span class='ocrx_word' id='word_1_116' title='bbox 358 931 526 966; x_wconf 86' lang='lat' dir='ltr'>chartam</span> <span class='ocrx_word' id='word_1_117' title='bbox 552 930 771 967; x_wconf 83' lang='lat' dir='ltr'>testamenti</span> <span class='ocrx_word' id='word_1_118' title='bbox 807 930 901 966; x_wconf 88' lang='lat' dir='ltr'>illud</span> <span class='ocrx_word' id='word_1_119' title='bbox 935 930 1129 966; x_wconf 86' lang='lat' dir='ltr'>infundat’.</span> <span class='ocrx_word' id='word_1_120' title='bbox 1177 931 1350 967; x_wconf 87' lang='lat' dir='ltr'>Eiusdem</span> <span class='ocrx_word' id='word_1_121' title='bbox 1383 932 1514 968; x_wconf 89' lang='lat' dir='ltr'>charta</span> <span class='ocrx_word' id='word_1_122' title='bbox 1549 933 1635 968; x_wconf 86' lang='lat' dir='ltr'>anni</span> <span class='ocrx_word' id='word_1_123' title='bbox 1669 936 1753 969; x_wconf 88' lang='grc'>1101</span> <span class='ocrx_word' id='word_1_124' title='bbox 1792 934 1912 971; x_wconf 86' lang='lat' dir='ltr'>verbis</span> <span class='ocrx_word' id='word_1_125' title='bbox 1945 934 2095 980; x_wconf 85' lang='lat' dir='ltr'>incipit:</span> 
     </span>
     <span class='ocr_line' id='line_1_15' title="bbox 264 988 2096 1035; baseline 0.001 -11"><span class='ocrx_word' id='word_1_126' title='bbox 264 988 466 1025; x_wconf 82' lang='lat' dir='ltr'>‘Romanae</span> <span class='ocrx_word' id='word_1_127' title='bbox 491 988 586 1035; x_wconf 84' lang='lat' dir='ltr'>legis</span> <span class='ocrx_word' id='word_1_128' title='bbox 611 988 837 1024; x_wconf 87' lang='lat' dir='ltr'>auctoritate</span> <span class='ocrx_word' id='word_1_129' title='bbox 864 991 1015 1024; x_wconf 82' lang='lat' dir='ltr'>cautum</span> <span class='ocrx_word' id='word_1_130' title='bbox 1039 989 1218 1032; x_wconf 89' lang='lat' dir='ltr'>habetur,</span> <span class='ocrx_word' id='word_1_131' title='bbox 1249 991 1291 1025; x_wconf 91' lang='lat' dir='ltr'>ut</span> <span class='ocrx_word' id='word_1_132' title='bbox 1317 1002 1400 1024; x_wconf 90' lang='lat' dir='ltr'>cum</span> <span class='ocrx_word' id='word_1_133' title='bbox 1425 989 1562 1034; x_wconf 86' lang='lat' dir='ltr'>aliquis</span> <span class='ocrx_word' id='word_1_134' title='bbox 1588 991 1824 1027; x_wconf 88' lang='lat' dir='ltr'>donationem</span> <span class='ocrx_word' id='word_1_135' title='bbox 1849 992 1956 1034; x_wconf 86' lang='lat' dir='ltr'>facit,</span> <span class='ocrx_word' id='word_1_136' title='bbox 1983 991 2020 1027; x_wconf 90' lang='lat' dir='ltr'>in</span> <span class='ocrx_word' id='word_1_137' title='bbox 2046 992 2096 1026; x_wconf 89' lang='lat' dir='ltr'>in-</span> 
     </span>
     <span class='ocr_line' id='line_1_16' title="bbox 266 1045 2096 1094; baseline 0.002 -13"><span class='ocrx_word' id='word_1_138' title='bbox 266 1050 472 1082; x_wconf 86' lang='lat' dir='ltr'>strumento</span> <span class='ocrx_word' id='word_1_139' title='bbox 499 1058 543 1082; x_wconf 89' lang='lat' dir='ltr'>ea</span> <span class='ocrx_word' id='word_1_140' title='bbox 568 1046 825 1082; x_wconf 84' lang='lat' dir='ltr'>conscribatur</span> <span class='ocrx_word' id='word_1_141' title='bbox 840 1045 1035 1092; x_wconf 88' lang='lat' dir='ltr'>ipsumque</span> <span class='ocrx_word' id='word_1_142' title='bbox 1053 1046 1340 1082; x_wconf 87' lang='lat' dir='ltr'>instrumentum</span> <span class='ocrx_word' id='word_1_143' title='bbox 1357 1059 1492 1091; x_wconf 89' lang='lat' dir='ltr'>eorum,</span> <span class='ocrx_word' id='word_1_144' title='bbox 1518 1048 1582 1092; x_wconf 90' lang='lat' dir='ltr'>qui</span> <span class='ocrx_word' id='word_1_145' title='bbox 1600 1049 1835 1085; x_wconf 88' lang='lat' dir='ltr'>donationem</span> <span class='ocrx_word' id='word_1_146' title='bbox 1861 1050 1939 1085; x_wconf 89' lang='lat' dir='ltr'>fieri</span> <span class='ocrx_word' id='word_1_147' title='bbox 1960 1049 2096 1094; x_wconf 86' lang='lat' dir='ltr'>vident,</span> 
     </span>
     <span class='ocr_line' id='line_1_17' title="bbox 265 1103 2097 1153; baseline 0.001 -13"><span class='ocrx_word' id='word_1_148' title='bbox 265 1103 481 1141; x_wconf 85' lang='lat' dir='ltr'>testimonio</span> <span class='ocrx_word' id='word_1_149' title='bbox 507 1103 801 1148; x_wconf 83' lang='lat' dir='ltr'>confirmetur.&#39;³)</span> <span class='ocrx_word' id='word_1_150' title='bbox 841 1104 1009 1149; x_wconf 91' lang='lat' dir='ltr'>Denique</span> <span class='ocrx_word' id='word_1_151' title='bbox 1036 1104 1167 1140; x_wconf 92' lang='lat' dir='ltr'>charta</span> <span class='ocrx_word' id='word_1_152' title='bbox 1186 1104 1364 1140; x_wconf 81' lang='lat' dir='ltr'>Adalaxis</span> <span class='ocrx_word' id='word_1_153' title='bbox 1382 1105 1671 1141; x_wconf 87' lang='lat' dir='ltr'>Avenniacensis</span> <span class='ocrx_word' id='word_1_154' title='bbox 1690 1107 1898 1142; x_wconf 83' lang='lat' dir='ltr'>comitissae</span> <span class='ocrx_word' id='word_1_155' title='bbox 1918 1108 2032 1153; x_wconf 91' lang='grc'>[1129]</span> <span class='ocrx_word' id='word_1_156' title='bbox 2060 1107 2097 1142; x_wconf 87' lang='lat' dir='ltr'>in</span> 
     </span>
     <span class='ocr_line' id='line_1_18' title="bbox 266 1161 2095 1208; baseline 0.001 -11"><span class='ocrx_word' id='word_1_157' title='bbox 266 1161 432 1208; x_wconf 88' lang='lat' dir='ltr'>proemio</span> <span class='ocrx_word' id='word_1_158' title='bbox 459 1162 664 1197; x_wconf 88' lang='lat' dir='ltr'>clausulam</span> <span class='ocrx_word' id='word_1_159' title='bbox 682 1162 855 1207; x_wconf 85' lang='lat' dir='ltr'>praebet:</span> <span class='ocrx_word' id='word_1_160' title='bbox 881 1162 1060 1197; x_wconf 87' lang='lat' dir='ltr'>‘Romana</span> <span class='ocrx_word' id='word_1_161' title='bbox 1085 1162 1143 1197; x_wconf 83' lang='lat' dir='ltr'>lex</span> <span class='ocrx_word' id='word_1_162' title='bbox 1169 1162 1356 1208; x_wconf 86' lang='lat' dir='ltr'>praecipit</span> <span class='ocrx_word' id='word_1_163' title='bbox 1381 1165 1418 1198; x_wconf 88' lang='lat' dir='ltr'>et</span> <span class='ocrx_word' id='word_1_164' title='bbox 1444 1163 1601 1208; x_wconf 89' lang='lat' dir='ltr'>antiqua</span> <span class='ocrx_word' id='word_1_165' title='bbox 1626 1165 1889 1200; x_wconf 86' lang='lat' dir='ltr'>consuetudine</span> <span class='ocrx_word' id='word_1_166' title='bbox 1915 1164 2095 1200; x_wconf 89' lang='lat' dir='ltr'>sancitum</span> 
     </span>
     <span class='ocr_line' id='line_1_19' title="bbox 264 1219 2097 1266; baseline 0.001 -10"><span class='ocrx_word' id='word_1_167' title='bbox 264 1222 321 1256; x_wconf 88' lang='lat' dir='ltr'>est</span> <span class='ocrx_word' id='word_1_168' title='bbox 347 1220 428 1255; x_wconf 68' lang='lat' dir='ltr'>etc?</span> <span class='ocrx_word' id='word_1_169' title='bbox 479 1219 580 1260; x_wconf 86' lang='lat' dir='ltr'>Quae</span> <span class='ocrx_word' id='word_1_170' title='bbox 607 1219 848 1265; x_wconf 77' lang='lat' dir='ltr'>clausulae⁴)‚</span> <span class='ocrx_word' id='word_1_171' title='bbox 875 1222 1055 1265; x_wconf 88' lang='lat' dir='ltr'>quantum</span> <span class='ocrx_word' id='word_1_172' title='bbox 1081 1220 1127 1255; x_wconf 89' lang='lat' dir='ltr'>ad</span> <span class='ocrx_word' id='word_1_173' title='bbox 1153 1220 1274 1266; x_wconf 86' lang='lat' dir='ltr'>legem</span> <span class='ocrx_word' id='word_1_174' title='bbox 1300 1221 1503 1256; x_wconf 83' lang='lat' dir='ltr'>Romanam</span> <span class='ocrx_word' id='word_1_175' title='bbox 1530 1221 1736 1266; x_wconf 85' lang='lat' dir='ltr'>pertinent,</span> <span class='ocrx_word' id='word_1_176' title='bbox 1762 1222 1840 1258; x_wconf 90' lang='lat' dir='ltr'>iure</span> <span class='ocrx_word' id='word_1_177' title='bbox 1868 1222 2097 1258; x_wconf 87' lang='lat' dir='ltr'>consuetudi-</span> 
     </span>
     <span class='ocr_line' id='line_1_20' title="bbox 263 1277 1944 1325; baseline 0.001 -12"><span class='ocrx_word' id='word_1_178' title='bbox 263 1277 368 1314; x_wconf 88' lang='lat' dir='ltr'>nario</span> <span class='ocrx_word' id='word_1_179' title='bbox 393 1277 574 1319; x_wconf 88' lang='lat' dir='ltr'>nituntur,</span> <span class='ocrx_word' id='word_1_180' title='bbox 601 1277 699 1322; x_wconf 90' lang='lat' dir='ltr'>quod</span> <span class='ocrx_word' id='word_1_181' title='bbox 725 1280 873 1323; x_wconf 87' lang='lat' dir='ltr'>praeter</span> <span class='ocrx_word' id='word_1_182' title='bbox 898 1277 1081 1313; x_wconf 89' lang='lat' dir='ltr'>Breviarii</span> <span class='ocrx_word' id='word_1_183' title='bbox 1107 1277 1355 1324; x_wconf 82' lang='lat' dir='ltr'>fragmentum</span> <span class='ocrx_word' id='word_1_184' title='bbox 1382 1279 1452 1324; x_wconf 88' lang='lat' dir='ltr'>[Br.</span> <span class='ocrx_word' id='word_1_185' title='bbox 1472 1279 1541 1314; x_wconf 89' lang='lat' dir='ltr'>Th.</span> <span class='ocrx_word' id='word_1_186' title='bbox 1561 1279 1658 1322; x_wconf 88' lang='lat' dir='ltr'>VIII,</span> <span class='ocrx_word' id='word_1_187' title='bbox 1677 1282 1708 1322; x_wconf 81' lang='lat'>5,</span> <span class='ocrx_word' id='word_1_188' title='bbox 1730 1280 1761 1325; x_wconf 87' lang='lat'>1]</span> <span class='ocrx_word' id='word_1_189' title='bbox 1788 1279 1944 1316; x_wconf 83' lang='lat' dir='ltr'>exstitit.</span> 
     </span>
    </p>
   </div>
   <div class='ocr_carea' id='block_1_3' title="bbox 187 1346 2097 1384">
    <p class='ocr_par' dir='ltr' id='par_1_3' title="bbox 187 1346 2097 1384">
     <span class='ocr_line' id='line_1_21' title="bbox 187 1346 2097 1384; baseline 0.001 -2"><span class='ocrx_word' id='word_1_190' title='bbox 187 1348 240 1382; x_wconf 90' lang='lat'>11.</span> <span class='ocrx_word' id='word_1_191' title='bbox 266 1346 356 1382; x_wconf 89' lang='lat' dir='ltr'>Otto</span> <span class='ocrx_word' id='word_1_192' title='bbox 388 1346 505 1382; x_wconf 88' lang='lat' dir='ltr'>abbas</span> <span class='ocrx_word' id='word_1_193' title='bbox 539 1346 793 1383; x_wconf 86' lang='lat' dir='ltr'>Cluniacensis</span> <span class='ocrx_word' id='word_1_194' title='bbox 819 1347 936 1383; x_wconf 90' lang='lat' dir='ltr'>vitam</span> <span class='ocrx_word' id='word_1_195' title='bbox 967 1347 1001 1383; x_wconf 83' lang='lat' dir='ltr'>S.</span> <span class='ocrx_word' id='word_1_196' title='bbox 1024 1347 1176 1383; x_wconf 77' lang='lat' dir='ltr'>Geraldj</span> <span class='ocrx_word' id='word_1_197' title='bbox 1207 1347 1439 1384; x_wconf 87' lang='lat' dir='ltr'>conscribens</span> <span class='ocrx_word' id='word_1_198' title='bbox 1470 1348 1566 1384; x_wconf 93' lang='lat' dir='ltr'>libro</span> <span class='ocrx_word' id='word_1_199' title='bbox 1592 1349 1645 1383; x_wconf 95' lang='lat' dir='ltr'>III</span> <span class='ocrx_word' id='word_1_200' title='bbox 1670 1361 1699 1384; x_wconf 90' lang='lat' dir='ltr'>c.</span> <span class='ocrx_word' id='word_1_201' title='bbox 1718 1350 1737 1383; x_wconf 89' lang='grc'>4</span> <span class='ocrx_word' id='word_1_202' title='bbox 1772 1351 1899 1384; x_wconf 86' lang='lat' dir='ltr'>narrat</span> <span class='ocrx_word' id='word_1_203' title='bbox 1925 1348 2097 1384; x_wconf 89' lang='lat' dir='ltr'>comitem</span> 
     </span>
    </p>
   </div>
   <div class='ocr_carea' id='block_1_4' title="bbox 264 1404 2096 1509">
    <p class='ocr_par' dir='ltr' id='par_1_4' title="bbox 264 1404 2096 1509">
     <span class='ocr_line' id='line_1_22' title="bbox 267 1404 2096 1452; baseline 0.001 -13"><span class='ocrx_word' id='word_1_204' title='bbox 267 1415 454 1441; x_wconf 87' lang='lat' dir='ltr'>recusasse</span> <span class='ocrx_word' id='word_1_205' title='bbox 472 1404 597 1450; x_wconf 83' lang='lat' dir='ltr'>plures</span> <span class='ocrx_word' id='word_1_206' title='bbox 613 1416 724 1450; x_wconf 90' lang='lat' dir='ltr'>quam</span> <span class='ocrx_word' id='word_1_207' title='bbox 743 1405 770 1441; x_wconf 82' lang='lat' dir='ltr'>C</span> <span class='ocrx_word' id='word_1_208' title='bbox 788 1417 911 1441; x_wconf 89' lang='lat' dir='ltr'>servos</span> <span class='ocrx_word' id='word_1_209' title='bbox 929 1405 1129 1449; x_wconf 76' lang='lat' dir='ltr'>dimittere,</span> <span class='ocrx_word' id='word_1_210' title='bbox 1154 1406 1210 1441; x_wconf 87' lang='lat' dir='ltr'>‘ut</span> <span class='ocrx_word' id='word_1_211' title='bbox 1234 1406 1293 1441; x_wconf 84' lang='lat' dir='ltr'>lex</span> <span class='ocrx_word' id='word_1_212' title='bbox 1310 1406 1510 1442; x_wconf 81' lang='lat' dir='ltr'>mundialis</span> <span class='ocrx_word' id='word_1_213' title='bbox 1535 1406 1573 1442; x_wconf 91' lang='lat' dir='ltr'>in</span> <span class='ocrx_word' id='word_1_214' title='bbox 1593 1407 1661 1443; x_wconf 91' lang='lat' dir='ltr'>hoe</span> <span class='ocrx_word' id='word_1_215' title='bbox 1688 1407 1921 1450; x_wconf 85' lang='lat' dir='ltr'>observetur‘‚</span> <span class='ocrx_word' id='word_1_216' title='bbox 1940 1419 2096 1452; x_wconf 84' lang='lat' dir='ltr'>quocum</span> 
     </span>
     <span class='ocr_line' id='line_1_23' title="bbox 264 1462 1288 1509; baseline 0 -11"><span class='ocrx_word' id='word_1_217' title='bbox 264 1463 324 1498; x_wconf 69' lang='grc' dir='ltr'>ΒΓ.</span> <span class='ocrx_word' id='word_1_218' title='bbox 343 1462 423 1498; x_wconf 84' lang='lat' dir='ltr'>Gai.</span> <span class='ocrx_word' id='word_1_219' title='bbox 440 1463 469 1505; x_wconf 98' lang='grc' dir='ltr'>Ι,</span> <span class='ocrx_word' id='word_1_220' title='bbox 486 1463 508 1498; x_wconf 90' lang='grc'>2</span> <span class='ocrx_word' id='word_1_221' title='bbox 536 1475 591 1508; x_wconf 92' lang='lat' dir='ltr'>pr.</span> <span class='ocrx_word' id='word_1_222' title='bbox 617 1465 656 1499; x_wconf 86' lang='lat' dir='ltr'>et</span> <span class='ocrx_word' id='word_1_223' title='bbox 681 1463 737 1498; x_wconf 71' lang='grc' dir='ltr'>ΒΥ.</span> <span class='ocrx_word' id='word_1_224' title='bbox 757 1463 862 1498; x_wconf 89' lang='lat' dir='ltr'>Paul.</span> <span class='ocrx_word' id='word_1_225' title='bbox 880 1463 942 1506; x_wconf 83' lang='lat' dir='ltr'>IV⁷</span> <span class='ocrx_word' id='word_1_226' title='bbox 962 1464 1015 1507; x_wconf 91' lang='lat'>14,</span> <span class='ocrx_word' id='word_1_227' title='bbox 1033 1464 1055 1499; x_wconf 89' lang='lat'>4</span> <span class='ocrx_word' id='word_1_228' title='bbox 1081 1464 1288 1509; x_wconf 82' lang='lat' dir='ltr'>conferas.⁵)</span> 
     </span>
    </p>
   </div>
   <div class='ocr_carea' id='block_1_5' title="bbox 186 1531 2097 1750">
    <p class='ocr_par' dir='ltr' id='par_1_5' title="bbox 186 1531 2097 1750">
     <span class='ocr_line' id='line_1_24' title="bbox 186 1531 2096 1580; baseline 0.002 -14"><span class='ocrx_word' id='word_1_229' title='bbox 186 1531 240 1567; x_wconf 88' lang='grc'>12.</span> <span class='ocrx_word' id='word_1_230' title='bbox 267 1531 407 1568; x_wconf 86' lang='lat' dir='ltr'>Charta</span> <span class='ocrx_word' id='word_1_231' title='bbox 434 1531 646 1568; x_wconf 89' lang='lat' dir='ltr'>donationis</span> <span class='ocrx_word' id='word_1_232' title='bbox 671 1532 896 1568; x_wconf 87' lang='lat' dir='ltr'>monasterio</span> <span class='ocrx_word' id='word_1_233' title='bbox 921 1532 954 1567; x_wconf 87' lang='lat' dir='ltr'>S.</span> <span class='ocrx_word' id='word_1_234' title='bbox 974 1532 1076 1568; x_wconf 90' lang='lat' dir='ltr'>Petri</span> <span class='ocrx_word' id='word_1_235' title='bbox 1102 1533 1300 1568; x_wconf 86' lang='lat' dir='ltr'>Garnensis</span> <span class='ocrx_word' id='word_1_236' title='bbox 1326 1534 1449 1569; x_wconf 83' lang='lat' dir='ltr'>factae</span> <span class='ocrx_word' id='word_1_237' title='bbox 1476 1534 1541 1579; x_wconf 87' lang='lat' dir='ltr'>[ca.</span> <span class='ocrx_word' id='word_1_238' title='bbox 1563 1535 1665 1580; x_wconf 79' lang='lat'>1015]</span> <span class='ocrx_word' id='word_1_239' title='bbox 1703 1535 1740 1569; x_wconf 91' lang='lat' dir='ltr'>in</span> <span class='ocrx_word' id='word_1_240' title='bbox 1765 1535 1928 1580; x_wconf 89' lang='lat' dir='ltr'>proemio</span> <span class='ocrx_word' id='word_1_241' title='bbox 1954 1537 2096 1570; x_wconf 86' lang='lat' dir='ltr'>narrat:</span> 
     </span>
     <span class='ocr_line' id='line_1_25' title="bbox 263 1588 2097 1636; baseline 0.001 -13"><span class='ocrx_word' id='word_1_242' title='bbox 263 1588 438 1624; x_wconf 84' lang='lat' dir='ltr'>‘Multum</span> <span class='ocrx_word' id='word_1_243' title='bbox 456 1588 623 1624; x_wconf 85' lang='lat' dir='ltr'>declarat</span> <span class='ocrx_word' id='word_1_244' title='bbox 647 1588 726 1624; x_wconf 90' lang='lat' dir='ltr'>sive</span> <span class='ocrx_word' id='word_1_245' title='bbox 751 1589 859 1624; x_wconf 92' lang='lat' dir='ltr'>docet</span> <span class='ocrx_word' id='word_1_246' title='bbox 884 1589 944 1625; x_wconf 84' lang='lat' dir='ltr'>lex</span> <span class='ocrx_word' id='word_1_247' title='bbox 961 1588 1129 1625; x_wconf 87' lang='lat' dir='ltr'>Romana</span> <span class='ocrx_word' id='word_1_248' title='bbox 1149 1590 1207 1625; x_wconf 92' lang='lat' dir='ltr'>vel</span> <span class='ocrx_word' id='word_1_249' title='bbox 1225 1589 1358 1631; x_wconf 82' lang='lat' dir='ltr'>Salica,</span> <span class='ocrx_word' id='word_1_250' title='bbox 1385 1592 1427 1625; x_wconf 87' lang='lat' dir='ltr'>ut</span> <span class='ocrx_word' id='word_1_251' title='bbox 1451 1590 1702 1636; x_wconf 86' lang='lat' dir='ltr'>unusquisque</span> <span class='ocrx_word' id='word_1_252' title='bbox 1728 1593 1835 1627; x_wconf 90' lang='lat' dir='ltr'>homo</span> <span class='ocrx_word' id='word_1_253' title='bbox 1862 1593 1905 1627; x_wconf 88' lang='lat' dir='ltr'>de</span> <span class='ocrx_word' id='word_1_254' title='bbox 1931 1605 1988 1628; x_wconf 88' lang='lat' dir='ltr'>res</span> <span class='ocrx_word' id='word_1_255' title='bbox 2013 1605 2097 1627; x_wconf 81' lang='lat' dir='ltr'>suas</span> 
     </span>
     <span class='ocr_line' id='line_1_26' title="bbox 265 1645 2096 1694; baseline 0.002 -13"><span class='ocrx_word' id='word_1_256' title='bbox 265 1646 435 1692; x_wconf 88' lang='lat' dir='ltr'>proprias</span> <span class='ocrx_word' id='word_1_257' title='bbox 460 1646 653 1682; x_wconf 88' lang='lat' dir='ltr'>licentiam</span> <span class='ocrx_word' id='word_1_258' title='bbox 679 1646 820 1682; x_wconf 87' lang='lat' dir='ltr'>habeat</span> <span class='ocrx_word' id='word_1_259' title='bbox 846 1646 893 1681; x_wconf 91' lang='lat' dir='ltr'>ad</span> <span class='ocrx_word' id='word_1_260' title='bbox 918 1645 1139 1689; x_wconf 86' lang='lat' dir='ltr'>faciendum,</span> <span class='ocrx_word' id='word_1_261' title='bbox 1166 1648 1264 1692; x_wconf 88' lang='lat' dir='ltr'>quod</span> <span class='ocrx_word' id='word_1_262' title='bbox 1283 1648 1456 1684; x_wconf 86' lang='lat' dir='ltr'>voluerit’</span> <span class='ocrx_word' id='word_1_263' title='bbox 1471 1661 1628 1694; x_wconf 87' lang='lat' dir='ltr'>quocum</span> <span class='ocrx_word' id='word_1_264' title='bbox 1648 1650 1705 1684; x_wconf 89' lang='lat' dir='ltr'>Br.</span> <span class='ocrx_word' id='word_1_265' title='bbox 1725 1650 1792 1685; x_wconf 84' lang='lat' dir='ltr'>Th.</span> <span class='ocrx_word' id='word_1_266' title='bbox 1811 1651 1909 1693; x_wconf 77' lang='lat' dir='ltr'>VIII,</span> <span class='ocrx_word' id='word_1_267' title='bbox 1928 1652 1958 1692; x_wconf 84' lang='lat'>5,</span> <span class='ocrx_word' id='word_1_268' title='bbox 1979 1652 1995 1685; x_wconf 94' lang='lat'>1</span> <span class='ocrx_word' id='word_1_269' title='bbox 2016 1662 2096 1685; x_wconf 89' lang='lat' dir='ltr'>con-</span> 
     </span>
     <span class='ocr_line' id='line_1_27' title="bbox 263 1705 579 1750; baseline 0 -11"><span class='ocrx_word' id='word_1_270' title='bbox 263 1705 454 1741; x_wconf 90' lang='lat' dir='ltr'>ferendum</span> <span class='ocrx_word' id='word_1_271' title='bbox 479 1705 579 1750; x_wconf 79' lang='lat' dir='ltr'>est.⁶)</span> 
     </span>
    </p>
   </div>
   <div class='ocr_carea' id='block_1_6' title="bbox 185 1767 2097 1988">
    <p class='ocr_par' dir='ltr' id='par_1_6' title="bbox 185 1767 2097 1988">
     <span class='ocr_line' id='line_1_28' title="bbox 185 1767 2096 1815; baseline 0.002 -13"><span class='ocrx_word' id='word_1_272' title='bbox 185 1768 238 1802; x_wconf 91' lang='lat'>13.</span> <span class='ocrx_word' id='word_1_273' title='bbox 263 1767 290 1802; x_wconf 85' lang='lat' dir='ltr'><strong>F</strong></span> <span class='ocrx_word' id='word_1_274' title='bbox 293 1767 460 1803; x_wconf 81' lang='lat' dir='ltr'>ulbertus</span> <span class='ocrx_word' id='word_1_275' title='bbox 479 1767 714 1804; x_wconf 90' lang='lat' dir='ltr'>Carnotensis</span> <span class='ocrx_word' id='word_1_276' title='bbox 741 1768 778 1803; x_wconf 91' lang='lat' dir='ltr'>in</span> <span class='ocrx_word' id='word_1_277' title='bbox 805 1769 969 1815; x_wconf 86' lang='lat' dir='ltr'>epistula</span> <span class='ocrx_word' id='word_1_278' title='bbox 992 1770 1153 1814; x_wconf 89' lang='lat' dir='ltr'>quadam</span> <span class='ocrx_word' id='word_1_279' title='bbox 1179 1770 1267 1806; x_wconf 91' lang='lat' dir='ltr'>anni</span> <span class='ocrx_word' id='word_1_280' title='bbox 1287 1772 1375 1807; x_wconf 89' lang='grc'>1016</span> <span class='ocrx_word' id='word_1_281' title='bbox 1395 1772 1452 1807; x_wconf 91' lang='lat' dir='ltr'>vel</span> <span class='ocrx_word' id='word_1_282' title='bbox 1477 1773 1564 1807; x_wconf 84' lang='lat'>1017</span> <span class='ocrx_word' id='word_1_283' title='bbox 1583 1773 1629 1807; x_wconf 87' lang='lat' dir='ltr'>ad</span> <span class='ocrx_word' id='word_1_284' title='bbox 1648 1772 1913 1809; x_wconf 87' lang='lat' dir='ltr'>Theodericum</span> <span class='ocrx_word' id='word_1_285' title='bbox 1931 1771 2096 1807; x_wconf 88' lang='lat' dir='ltr'>Aurelia-</span> 
     </span>
     <span class='ocr_line' id='line_1_29' title="bbox 262 1825 2095 1875; baseline 0.002 -15"><span class='ocrx_word' id='word_1_286' title='bbox 262 1837 412 1861; x_wconf 90' lang='lat' dir='ltr'>nensem</span> <span class='ocrx_word' id='word_1_287' title='bbox 438 1825 654 1872; x_wconf 89' lang='lat' dir='ltr'>episcopum</span> <span class='ocrx_word' id='word_1_288' title='bbox 681 1826 823 1863; x_wconf 86' lang='lat' dir='ltr'>directa</span> <span class='ocrx_word' id='word_1_289' title='bbox 848 1827 1202 1873; x_wconf 86' lang='lat' dir='ltr'>interpretationem</span> <span class='ocrx_word' id='word_1_290' title='bbox 1227 1841 1271 1864; x_wconf 79' lang='lat' dir='ltr'>ex</span> <span class='ocrx_word' id='word_1_291' title='bbox 1290 1829 1347 1863; x_wconf 71' lang='grc' dir='ltr'>ΒΥ.</span> <span class='ocrx_word' id='word_1_292' title='bbox 1367 1829 1434 1864; x_wconf 88' lang='lat' dir='ltr'>Th.</span> <span class='ocrx_word' id='word_1_293' title='bbox 1453 1830 1479 1871; x_wconf 87' lang='grc' dir='ltr'>Ι,</span> <span class='ocrx_word' id='word_1_294' title='bbox 1498 1832 1529 1871; x_wconf 90' lang='grc'>2,</span> <span class='ocrx_word' id='word_1_295' title='bbox 1550 1832 1566 1864; x_wconf 94' lang='grc'>1</span> <span class='ocrx_word' id='word_1_296' title='bbox 1592 1831 1757 1875; x_wconf 87' lang='lat' dir='ltr'>praebet.</span> <span class='ocrx_word' id='word_1_297' title='bbox 1801 1831 1974 1874; x_wconf 89' lang='lat' dir='ltr'>Idemque</span> <span class='ocrx_word' id='word_1_298' title='bbox 2000 1829 2095 1875; x_wconf 84' lang='lat' dir='ltr'>frag-</span> 
     </span>
     <span class='ocr_line' id='line_1_30' title="bbox 264 1883 2097 1932; baseline 0.002 -15"><span class='ocrx_word' id='word_1_299' title='bbox 264 1884 430 1918; x_wconf 89' lang='lat' dir='ltr'>mentum</span> <span class='ocrx_word' id='word_1_300' title='bbox 456 1895 500 1919; x_wconf 84' lang='lat' dir='ltr'>ex</span> <span class='ocrx_word' id='word_1_301' title='bbox 528 1883 774 1920; x_wconf 88' lang='lat' dir='ltr'>Constantino</span> <span class='ocrx_word' id='word_1_302' title='bbox 806 1884 921 1921; x_wconf 87' lang='lat' dir='ltr'>etiam</span> <span class='ocrx_word' id='word_1_303' title='bbox 951 1885 1122 1921; x_wconf 85' lang='lat' dir='ltr'>canonici</span> <span class='ocrx_word' id='word_1_304' title='bbox 1147 1886 1390 1923; x_wconf 87' lang='lat' dir='ltr'>Carnotenses</span> <span class='ocrx_word' id='word_1_305' title='bbox 1415 1887 1600 1932; x_wconf 89' lang='lat' dir='ltr'>epistulae</span> <span class='ocrx_word' id='word_1_306' title='bbox 1634 1889 1681 1924; x_wconf 86' lang='lat' dir='ltr'>ad</span> <span class='ocrx_word' id='word_1_307' title='bbox 1706 1888 1965 1924; x_wconf 86' lang='lat' dir='ltr'>Leuthericum</span> <span class='ocrx_word' id='word_1_308' title='bbox 1991 1888 2097 1922; x_wconf 84' lang='lat' dir='ltr'>Seno-</span> 
     </span>
     <span class='ocr_line' id='line_1_31' title="bbox 263 1941 1489 1988; baseline 0.004 -13"><span class='ocrx_word' id='word_1_309' title='bbox 263 1953 412 1977; x_wconf 90' lang='lat' dir='ltr'>nensem</span> <span class='ocrx_word' id='word_1_310' title='bbox 437 1941 762 1988; x_wconf 87' lang='lat' dir='ltr'>archiepiscopum</span> <span class='ocrx_word' id='word_1_311' title='bbox 788 1955 883 1979; x_wconf 88' lang='lat' dir='ltr'>anno</span> <span class='ocrx_word' id='word_1_312' title='bbox 912 1945 999 1978; x_wconf 88' lang='grc'>1029</span> <span class='ocrx_word' id='word_1_313' title='bbox 1025 1944 1189 1981; x_wconf 86' lang='lat' dir='ltr'>directae</span> <span class='ocrx_word' id='word_1_314' title='bbox 1215 1944 1489 1988; x_wconf 88' lang='lat' dir='ltr'>inseruerunt.⁷)</span> 
     </span>
    </p>
   </div>
   <div class='ocr_carea' id='block_1_7' title="bbox 184 2011 2096 2176">
    <p class='ocr_par' dir='ltr' id='par_1_7' title="bbox 184 2011 2096 2176">
     <span class='ocr_line' id='line_1_32' title="bbox 184 2011 2095 2060; baseline 0.002 -13"><span class='ocrx_word' id='word_1_315' title='bbox 184 2012 237 2047; x_wconf 87' lang='lat'>14.</span> <span class='ocrx_word' id='word_1_316' title='bbox 265 2011 441 2052; x_wconf 89' lang='lat' dir='ltr'>Quamvis</span> <span class='ocrx_word' id='word_1_317' title='bbox 459 2011 582 2057; x_wconf 89' lang='lat' dir='ltr'>ipsum</span> <span class='ocrx_word' id='word_1_318' title='bbox 603 2012 835 2048; x_wconf 86' lang='lat' dir='ltr'>Breviarium</span> <span class='ocrx_word' id='word_1_319' title='bbox 859 2013 936 2049; x_wconf 87' lang='lat' dir='ltr'>sive</span> <span class='ocrx_word' id='word_1_320' title='bbox 962 2014 1083 2060; x_wconf 87' lang='lat' dir='ltr'>legem</span> <span class='ocrx_word' id='word_1_321' title='bbox 1102 2015 1305 2050; x_wconf 86' lang='lat' dir='ltr'>Romanam</span> <span class='ocrx_word' id='word_1_322' title='bbox 1331 2026 1403 2050; x_wconf 90' lang='lat' dir='ltr'>non</span> <span class='ocrx_word' id='word_1_323' title='bbox 1429 2016 1642 2056; x_wconf 86' lang='lat' dir='ltr'>memorent,</span> <span class='ocrx_word' id='word_1_324' title='bbox 1668 2017 1793 2050; x_wconf 89' lang='lat' dir='ltr'>tamen</span> <span class='ocrx_word' id='word_1_325' title='bbox 1817 2015 1981 2050; x_wconf 88' lang='lat' dir='ltr'>eiusdem</span> <span class='ocrx_word' id='word_1_326' title='bbox 1997 2026 2095 2060; x_wconf 84' lang='lat' dir='ltr'>prae-</span> 
     </span>
     <span class='ocr_line' id='line_1_33' title="bbox 263 2070 2096 2118; baseline 0.001 -13"><span class='ocrx_word' id='word_1_327' title='bbox 263 2072 376 2115; x_wconf 85' lang='lat' dir='ltr'>cepta</span> <span class='ocrx_word' id='word_1_328' title='bbox 397 2070 469 2115; x_wconf 90' lang='lat' dir='ltr'>[Br.</span> <span class='ocrx_word' id='word_1_329' title='bbox 487 2070 592 2105; x_wconf 84' lang='lat' dir='ltr'>Paul.</span> <span class='ocrx_word' id='word_1_330' title='bbox 611 2070 672 2112; x_wconf 77' lang='grc' dir='ltr'>ΠΤ,</span> <span class='ocrx_word' id='word_1_331' title='bbox 691 2071 728 2116; x_wconf 89' lang='grc'>6]</span> <span class='ocrx_word' id='word_1_332' title='bbox 748 2072 947 2107; x_wconf 84' lang='lat' dir='ltr'>observant</span> <span class='ocrx_word' id='word_1_333' title='bbox 972 2074 1200 2108; x_wconf 84' lang='lat' dir='ltr'>testamenta</span> <span class='ocrx_word' id='word_1_334' title='bbox 1224 2073 1421 2108; x_wconf 86' lang='lat' dir='ltr'>Bertranni</span> <span class='ocrx_word' id='word_1_335' title='bbox 1441 2073 1533 2118; x_wconf 80' lang='grc'>[616]</span> <span class='ocrx_word' id='word_1_336' title='bbox 1561 2075 1599 2108; x_wconf 89' lang='lat' dir='ltr'>et</span> <span class='ocrx_word' id='word_1_337' title='bbox 1616 2072 1816 2108; x_wconf 86' lang='lat' dir='ltr'>Haidoindi</span> <span class='ocrx_word' id='word_1_338' title='bbox 1834 2073 1868 2118; x_wconf 87' lang='lat'>[†</span> <span class='ocrx_word' id='word_1_339' title='bbox 1886 2072 1965 2117; x_wconf 85' lang='grc'>642]</span> <span class='ocrx_word' id='word_1_340' title='bbox 1986 2072 2096 2107; x_wconf 86' lang='lat' dir='ltr'>Ceno-</span> 
     </span>
     <span class='ocr_line' id='line_1_34' title="bbox 261 2127 1740 2176; baseline 0.002 -14"><span class='ocrx_word' id='word_1_341' title='bbox 261 2127 492 2163; x_wconf 89' lang='lat' dir='ltr'>manensium</span> <span class='ocrx_word' id='word_1_342' title='bbox 517 2127 776 2173; x_wconf 87' lang='lat' dir='ltr'>episcoporum</span> <span class='ocrx_word' id='word_1_343' title='bbox 803 2132 841 2165; x_wconf 89' lang='lat' dir='ltr'>et</span> <span class='ocrx_word' id='word_1_344' title='bbox 866 2129 1039 2165; x_wconf 87' lang='lat' dir='ltr'>Widradi</span> <span class='ocrx_word' id='word_1_345' title='bbox 1064 2130 1358 2166; x_wconf 86' lang='lat' dir='ltr'>Flaviniacensis</span> <span class='ocrx_word' id='word_1_346' title='bbox 1386 2130 1536 2166; x_wconf 87' lang='lat' dir='ltr'>abbatis</span> <span class='ocrx_word' id='word_1_347' title='bbox 1563 2131 1598 2176; x_wconf 91' lang='lat'>[†</span> <span class='ocrx_word' id='word_1_348' title='bbox 1618 2131 1740 2175; x_wconf 60' lang='grc'>74818)</span> 
     </span>
    </p>
   </div>
   <div class='ocr_carea' id='block_1_8' title="bbox 185 2197 2095 2649">
    <p class='ocr_par' dir='ltr' id='par_1_8' title="bbox 185 2197 2095 2649">
     <span class='ocr_line' id='line_1_35' title="bbox 185 2197 2094 2243; baseline 0.001 -11"><span class='ocrx_word' id='word_1_349' title='bbox 185 2199 237 2234; x_wconf 88' lang='lat'>15.</span> <span class='ocrx_word' id='word_1_350' title='bbox 266 2197 345 2232; x_wconf 91' lang='lat' dir='ltr'>Hoc</span> <span class='ocrx_word' id='word_1_351' title='bbox 370 2197 452 2232; x_wconf 92' lang='lat' dir='ltr'>loco</span> <span class='ocrx_word' id='word_1_352' title='bbox 485 2197 616 2240; x_wconf 81' lang='lat' dir='ltr'>etiam,</span> <span class='ocrx_word' id='word_1_353' title='bbox 651 2210 877 2243; x_wconf 89' lang='lat' dir='ltr'>quamquam</span> <span class='ocrx_word' id='word_1_354' title='bbox 911 2199 955 2233; x_wconf 89' lang='lat' dir='ltr'>de</span> <span class='ocrx_word' id='word_1_355' title='bbox 981 2211 1106 2235; x_wconf 88' lang='lat' dir='ltr'>earum</span> <span class='ocrx_word' id='word_1_356' title='bbox 1131 2200 1201 2236; x_wconf 90' lang='lat' dir='ltr'>fide</span> <span class='ocrx_word' id='word_1_357' title='bbox 1229 2201 1336 2236; x_wconf 89' lang='lat' dir='ltr'>valde</span> <span class='ocrx_word' id='word_1_358' title='bbox 1372 2201 1623 2243; x_wconf 87' lang='lat' dir='ltr'>contenditur,</span> <span class='ocrx_word' id='word_1_359' title='bbox 1658 2200 1761 2235; x_wconf 87' lang='lat' dir='ltr'>illam</span> <span class='ocrx_word' id='word_1_360' title='bbox 1794 2199 2010 2235; x_wconf 86' lang='lat' dir='ltr'>relationem</span> <span class='ocrx_word' id='word_1_361' title='bbox 2038 2199 2094 2233; x_wconf 87' lang='lat' dir='ltr'>vel</span> 
     </span>
     <span class='ocr_line' id='line_1_36' title="bbox 262 2253 2092 2303; baseline -0.001 -13"><span class='ocrx_word' id='word_1_362' title='bbox 262 2253 573 2290; x_wconf 88' lang='lat' dir='ltr'>evindicationem</span> <span class='ocrx_word' id='word_1_363' title='bbox 599 2254 676 2290; x_wconf 86' lang='lat' dir='ltr'>sive</span> <span class='ocrx_word' id='word_1_364' title='bbox 702 2255 915 2291; x_wconf 88' lang='lat' dir='ltr'>memoriale</span> <span class='ocrx_word' id='word_1_365' title='bbox 947 2258 985 2292; x_wconf 87' lang='lat' dir='ltr'>et</span> <span class='ocrx_word' id='word_1_366' title='bbox 1016 2256 1327 2302; x_wconf 62' lang='lat' dir='ltr'>responsionem)</span> <span class='ocrx_word' id='word_1_367' title='bbox 1354 2258 1535 2299; x_wconf 89' lang='lat' dir='ltr'>adferam,</span> <span class='ocrx_word' id='word_1_368' title='bbox 1569 2269 1662 2303; x_wconf 86' lang='lat' dir='ltr'>quas</span> <span class='ocrx_word' id='word_1_369' title='bbox 1694 2257 1732 2292; x_wconf 94' lang='lat' dir='ltr'>in</span> <span class='ocrx_word' id='word_1_370' title='bbox 1765 2256 1953 2302; x_wconf 87' lang='lat' dir='ltr'>capitibus</span> <span class='ocrx_word' id='word_1_371' title='bbox 1978 2256 2092 2289; x_wconf 87' lang='lat' dir='ltr'>XLIII</span> 
     </span>
     <span class='ocr_line' id='line_1_37' title="bbox 261 2311 2095 2360; baseline 0 -13"><span class='ocrx_word' id='word_1_372' title='bbox 261 2314 300 2347; x_wconf 89' lang='lat' dir='ltr'>et</span> <span class='ocrx_word' id='word_1_373' title='bbox 325 2311 461 2346; x_wconf 89' lang='lat' dir='ltr'>XLVII</span> <span class='ocrx_word' id='word_1_374' title='bbox 486 2312 680 2349; x_wconf 88' lang='lat' dir='ltr'>Gestorum</span> <span class='ocrx_word' id='word_1_375' title='bbox 705 2313 848 2349; x_wconf 86' lang='lat' dir='ltr'>Aldrici</span> <span class='ocrx_word' id='word_1_376' title='bbox 867 2314 1152 2350; x_wconf 88' lang='lat' dir='ltr'>Cenomanensis</span> <span class='ocrx_word' id='word_1_377' title='bbox 1178 2314 1344 2360; x_wconf 87' lang='lat' dir='ltr'>episcopi</span> <span class='ocrx_word' id='word_1_378' title='bbox 1371 2315 1592 2360; x_wconf 73' lang='grc'>[832-856]</span> <span class='ocrx_word' id='word_1_379' title='bbox 1619 2318 1784 2360; x_wconf 90' lang='lat' dir='ltr'>tempore</span> <span class='ocrx_word' id='word_1_380' title='bbox 1811 2314 1888 2350; x_wconf 85' lang='lat' dir='ltr'>eius</span> <span class='ocrx_word' id='word_1_381' title='bbox 1915 2313 2095 2357; x_wconf 87' lang='lat' dir='ltr'>conserip-</span> 
     </span>
     <span class='ocr_line' id='line_1_38' title="bbox 261 2370 2095 2418; baseline -0.001 -12"><span class='ocrx_word' id='word_1_382' title='bbox 261 2372 383 2406; x_wconf 88' lang='lat' dir='ltr'>torum</span> <span class='ocrx_word' id='word_1_383' title='bbox 415 2370 539 2416; x_wconf 88' lang='lat' dir='ltr'>legere</span> <span class='ocrx_word' id='word_1_384' title='bbox 573 2374 690 2416; x_wconf 83' lang='lat' dir='ltr'>potes.</span> <span class='ocrx_word' id='word_1_385' title='bbox 739 2373 782 2406; x_wconf 92' lang='lat' dir='ltr'>In</span> <span class='ocrx_word' id='word_1_386' title='bbox 814 2372 995 2408; x_wconf 89' lang='lat' dir='ltr'>relatione</span> <span class='ocrx_word' id='word_1_387' title='bbox 1030 2376 1214 2415; x_wconf 89' lang='lat' dir='ltr'>narratur,</span> <span class='ocrx_word' id='word_1_388' title='bbox 1247 2374 1428 2418; x_wconf 88' lang='lat' dir='ltr'>quomodo</span> <span class='ocrx_word' id='word_1_389' title='bbox 1461 2373 1724 2410; x_wconf 82' lang='lat' dir='ltr'>monasterium</span> <span class='ocrx_word' id='word_1_390' title='bbox 1750 2372 1923 2408; x_wconf 87' lang='lat' dir='ltr'>Anisolae</span> <span class='ocrx_word' id='word_1_391' title='bbox 1958 2371 2005 2406; x_wconf 87' lang='lat' dir='ltr'>ad</span> <span class='ocrx_word' id='word_1_392' title='bbox 2039 2371 2095 2405; x_wconf 89' lang='lat' dir='ltr'>ius</span> 
     </span>
     <span class='ocr_line' id='line_1_39' title="bbox 263 2427 2094 2476; baseline 0.001 -14"><span class='ocrx_word' id='word_1_393' title='bbox 263 2427 533 2464; x_wconf 81' lang='lat' dir='ltr'>cenomanicae</span> <span class='ocrx_word' id='word_1_394' title='bbox 569 2428 700 2464; x_wconf 89' lang='lat' dir='ltr'>matris</span> <span class='ocrx_word' id='word_1_395' title='bbox 737 2429 916 2466; x_wconf 85' lang='lat' dir='ltr'>ecclesiae</span> <span class='ocrx_word' id='word_1_396' title='bbox 954 2433 1041 2466; x_wconf 87' lang='lat' dir='ltr'>ante</span> <span class='ocrx_word' id='word_1_397' title='bbox 1077 2431 1264 2466; x_wconf 88' lang='lat' dir='ltr'>dominum</span> <span class='ocrx_word' id='word_1_398' title='bbox 1300 2431 1528 2466; x_wconf 89' lang='lat' dir='ltr'>Ludovicum</span> <span class='ocrx_word' id='word_1_399' title='bbox 1564 2431 1825 2476; x_wconf 85' lang='lat' dir='ltr'>imperatorem</span> <span class='ocrx_word' id='word_1_400' title='bbox 1861 2430 1908 2464; x_wconf 88' lang='lat' dir='ltr'>ab</span> <span class='ocrx_word' id='word_1_401' title='bbox 1948 2428 2094 2463; x_wconf 89' lang='lat' dir='ltr'>Aldrico</span> 
     </span>
     <span class='ocr_line' id='line_1_40' title="bbox 263 2485 2094 2533; baseline -0.001 -12"><span class='ocrx_word' id='word_1_402' title='bbox 263 2486 438 2532; x_wconf 88' lang='lat' dir='ltr'>episcopo</span> <span class='ocrx_word' id='word_1_403' title='bbox 457 2486 632 2522; x_wconf 89' lang='lat' dir='ltr'>canonice</span> <span class='ocrx_word' id='word_1_404' title='bbox 652 2490 690 2523; x_wconf 89' lang='lat' dir='ltr'>et</span> <span class='ocrx_word' id='word_1_405' title='bbox 715 2487 862 2533; x_wconf 84' lang='lat' dir='ltr'>legibus</span> <span class='ocrx_word' id='word_1_406' title='bbox 881 2487 1135 2523; x_wconf 86' lang='lat' dir='ltr'>evindicatum</span> <span class='ocrx_word' id='word_1_407' title='bbox 1152 2488 1274 2524; x_wconf 88' lang='lat' dir='ltr'>fuerit.</span> <span class='ocrx_word' id='word_1_408' title='bbox 1317 2489 1396 2530; x_wconf 85' lang='lat' dir='ltr'>Qua</span> <span class='ocrx_word' id='word_1_409' title='bbox 1415 2488 1450 2524; x_wconf 87' lang='lat' dir='ltr'>in</span> <span class='ocrx_word' id='word_1_410' title='bbox 1470 2488 1537 2524; x_wconf 88' lang='lat' dir='ltr'>lite</span> <span class='ocrx_word' id='word_1_411' title='bbox 1555 2501 1677 2525; x_wconf 86' lang='lat' dir='ltr'>coram</span> <span class='ocrx_word' id='word_1_412' title='bbox 1695 2487 1880 2523; x_wconf 85' lang='lat' dir='ltr'>iudicibus</span> <span class='ocrx_word' id='word_1_413' title='bbox 1897 2485 2094 2522; x_wconf 88' lang='lat' dir='ltr'>nonnullae</span> 
     </span>
     <span class='ocr_line' id='line_1_41' title="bbox 263 2542 2095 2591; baseline -0.002 -11"><span class='ocrx_word' id='word_1_414' title='bbox 263 2556 446 2580; x_wconf 89' lang='lat' dir='ltr'>canonum</span> <span class='ocrx_word' id='word_1_415' title='bbox 470 2545 669 2591; x_wconf 82' lang='lat' dir='ltr'>legumque</span> <span class='ocrx_word' id='word_1_416' title='bbox 695 2545 903 2581; x_wconf 87' lang='lat' dir='ltr'>sententiae</span> <span class='ocrx_word' id='word_1_417' title='bbox 928 2546 1108 2581; x_wconf 87' lang='lat' dir='ltr'>recitatae</span> <span class='ocrx_word' id='word_1_418' title='bbox 1135 2549 1229 2588; x_wconf 79' lang='lat' dir='ltr'>sunt,</span> <span class='ocrx_word' id='word_1_419' title='bbox 1257 2546 1356 2583; x_wconf 89' lang='lat' dir='ltr'>inter</span> <span class='ocrx_word' id='word_1_420' title='bbox 1373 2559 1464 2591; x_wconf 84' lang='lat' dir='ltr'>quas</span> <span class='ocrx_word' id='word_1_421' title='bbox 1487 2546 1656 2591; x_wconf 87' lang='lat' dir='ltr'>capitula</span> <span class='ocrx_word' id='word_1_422' title='bbox 1674 2545 1767 2591; x_wconf 85' lang='lat' dir='ltr'>legis</span> <span class='ocrx_word' id='word_1_423' title='bbox 1785 2545 1972 2580; x_wconf 85' lang='lat' dir='ltr'>Romanae</span> <span class='ocrx_word' id='word_1_424' title='bbox 1986 2542 2095 2577; x_wconf 86' lang='lat' dir='ltr'>Wisi-</span> 
     </span>
     <span class='ocr_line' id='line_1_42' title="bbox 263 2600 2094 2649; baseline -0.001 -12"><span class='ocrx_word' id='word_1_425' title='bbox 263 2602 461 2648; x_wconf 84' lang='lat' dir='ltr'>gothorum</span> <span class='ocrx_word' id='word_1_426' title='bbox 495 2603 791 2639; x_wconf 84' lang='lat' dir='ltr'>assumebantur.</span> <span class='ocrx_word' id='word_1_427' title='bbox 847 2604 970 2639; x_wconf 90' lang='lat' dir='ltr'>Primo</span> <span class='ocrx_word' id='word_1_428' title='bbox 1002 2605 1251 2649; x_wconf 86' lang='lat' dir='ltr'>fragmentum</span> <span class='ocrx_word' id='word_1_429' title='bbox 1285 2605 1340 2639; x_wconf 87' lang='lat' dir='ltr'>Br.</span> <span class='ocrx_word' id='word_1_430' title='bbox 1366 2605 1459 2640; x_wconf 90' lang='lat' dir='ltr'>Nov.</span> <span class='ocrx_word' id='word_1_431' title='bbox 1480 2604 1562 2640; x_wconf 75' lang='lat' dir='ltr'>Val.</span> <span class='ocrx_word' id='word_1_432' title='bbox 1582 2605 1661 2644; x_wconf 87' lang='lat' dir='ltr'>XII,</span> <span class='ocrx_word' id='word_1_433' title='bbox 1682 2606 1698 2638; x_wconf 95' lang='lat'>1</span> <span class='ocrx_word' id='word_1_434' title='bbox 1726 2603 1792 2638; x_wconf 84' lang='lat' dir='ltr'>int.</span> <span class='ocrx_word' id='word_1_435' title='bbox 1826 2615 1907 2638; x_wconf 91' lang='lat' dir='ltr'>cum</span> <span class='ocrx_word' id='word_1_436' title='bbox 1942 2600 2094 2646; x_wconf 84' lang='lat' dir='ltr'>inscrip-</span> 
     </span>
    </p>
   </div>
   <div class='ocr_carea' id='block_1_9' title="bbox 286 2720 1528 2996">
    <p class='ocr_par' dir='ltr' id='par_1_9' title="bbox 287 2720 1522 2824">
     <span class='ocr_line' id='line_1_43' title="bbox 287 2720 1522 2766; baseline 0.002 -13"><span class='ocrx_word' id='word_1_437' title='bbox 287 2720 313 2763; x_wconf 89' lang='lat'>¹)</span> <span class='ocrx_word' id='word_1_438' title='bbox 339 2721 452 2762; x_wconf 75' lang='lat' dir='ltr'>BrueL</span> <span class='ocrx_word' id='word_1_439' title='bbox 478 2723 619 2756; x_wconf 85' lang='lat' dir='ltr'>Recueil</span> <span class='ocrx_word' id='word_1_440' title='bbox 644 2723 703 2755; x_wconf 86' lang='lat' dir='ltr'>des</span> <span class='ocrx_word' id='word_1_441' title='bbox 729 2724 861 2756; x_wconf 67' lang='lat' dir='ltr'>chartas</span> <span class='ocrx_word' id='word_1_442' title='bbox 887 2724 927 2756; x_wconf 88' lang='lat' dir='ltr'>de</span> <span class='ocrx_word' id='word_1_443' title='bbox 952 2724 1111 2766; x_wconf 81' lang='lat' dir='ltr'>l&#39;abbaye</span> <span class='ocrx_word' id='word_1_444' title='bbox 1135 2724 1175 2756; x_wconf 89' lang='lat' dir='ltr'>de</span> <span class='ocrx_word' id='word_1_445' title='bbox 1201 2724 1315 2766; x_wconf 85' lang='lat' dir='ltr'>Cluny</span> <span class='ocrx_word' id='word_1_446' title='bbox 1340 2724 1397 2765; x_wconf 84' lang='lat' dir='ltr'>lv,</span> <span class='ocrx_word' id='word_1_447' title='bbox 1419 2722 1459 2755; x_wconf 79' lang='lat'>19</span> <span class='ocrx_word' id='word_1_448' title='bbox 1473 2734 1522 2765; x_wconf 87' lang='lat' dir='ltr'>sq.</span> 
     </span>
     <span class='ocr_line' id='line_1_44' title="bbox 287 2778 1304 2824; baseline 0.001 -13"><span class='ocrx_word' id='word_1_449' title='bbox 287 2778 315 2821; x_wconf 88' lang='lat'>²)</span> <span class='ocrx_word' id='word_1_450' title='bbox 341 2779 452 2812; x_wconf 78' lang='lat' dir='ltr'>Gallia</span> <span class='ocrx_word' id='word_1_451' title='bbox 477 2779 660 2813; x_wconf 82' lang='lat' dir='ltr'>christiana</span> <span class='ocrx_word' id='word_1_452' title='bbox 684 2782 710 2821; x_wconf 94' lang='grc' dir='ltr'>Ι,</span> <span class='ocrx_word' id='word_1_453' title='bbox 737 2782 821 2824; x_wconf 88' lang='lat' dir='ltr'>App.</span> <span class='ocrx_word' id='word_1_454' title='bbox 840 2779 899 2821; x_wconf 87' lang='grc'>82;</span> <span class='ocrx_word' id='word_1_455' title='bbox 928 2783 988 2814; x_wconf 87' lang='lat' dir='ltr'>cfr.</span> <span class='ocrx_word' id='word_1_456' title='bbox 1015 2781 1113 2814; x_wconf 79' lang='lat' dir='ltr'>Sav.²</span> <span class='ocrx_word' id='word_1_457' title='bbox 1138 2782 1181 2821; x_wconf 92' lang='grc' dir='ltr'>ΙΙ,</span> <span class='ocrx_word' id='word_1_458' title='bbox 1203 2779 1304 2812; x_wconf 68' lang='grc'>1129.</span> 
     </span>
    </p>

    <p class='ocr_par' dir='ltr' id='par_1_10' title="bbox 288 2835 1432 2880">
     <span class='ocr_line' id='line_1_45' title="bbox 288 2835 1432 2880; baseline -0.001 -11"><span class='ocrx_word' id='word_1_459' title='bbox 288 2836 315 2875; x_wconf 77' lang='lat'>³)</span> <span class='ocrx_word' id='word_1_460' title='bbox 341 2837 455 2870; x_wconf 85' lang='lat' dir='ltr'>Gallia</span> <span class='ocrx_word' id='word_1_461' title='bbox 479 2837 664 2869; x_wconf 83' lang='lat' dir='ltr'>christiana</span> <span class='ocrx_word' id='word_1_462' title='bbox 690 2838 713 2877; x_wconf 93' lang='grc' dir='ltr'>Ι,</span> <span class='ocrx_word' id='word_1_463' title='bbox 739 2838 824 2880; x_wconf 90' lang='lat' dir='ltr'>App.</span> <span class='ocrx_word' id='word_1_464' title='bbox 844 2835 888 2869; x_wconf 86' lang='lat'>84</span> <span class='ocrx_word' id='word_1_465' title='bbox 913 2843 946 2870; x_wconf 87' lang='lat' dir='ltr'>et</span> <span class='ocrx_word' id='word_1_466' title='bbox 970 2837 1030 2879; x_wconf 87' lang='lat'>83;</span> <span class='ocrx_word' id='word_1_467' title='bbox 1056 2839 1115 2870; x_wconf 88' lang='lat' dir='ltr'>cfr.</span> <span class='ocrx_word' id='word_1_468' title='bbox 1142 2838 1240 2870; x_wconf 75' lang='lat' dir='ltr'>Sav.²</span> <span class='ocrx_word' id='word_1_469' title='bbox 1267 2839 1308 2877; x_wconf 92' lang='lat'>11,</span> <span class='ocrx_word' id='word_1_470' title='bbox 1330 2836 1432 2869; x_wconf 74' lang='lat' dir='ltr'>112q.</span> 
     </span>
    </p>

    <p class='ocr_par' dir='ltr' id='par_1_11' title="bbox 293 2894 1334 2939">
     <span class='ocr_line' id='line_1_46' title="bbox 293 2894 1334 2939; baseline 0.002 -13"><span class='ocrx_word' id='word_1_471' title='bbox 293 2894 321 2936; x_wconf 79' lang='lat'>⁴)</span> <span class='ocrx_word' id='word_1_472' title='bbox 346 2895 459 2928; x_wconf 80' lang='lat' dir='ltr'>Gallia</span> <span class='ocrx_word' id='word_1_473' title='bbox 484 2895 669 2928; x_wconf 81' lang='lat' dir='ltr'>christiana</span> <span class='ocrx_word' id='word_1_474' title='bbox 695 2897 720 2935; x_wconf 91' lang='grc' dir='ltr'>Ι,</span> <span class='ocrx_word' id='word_1_475' title='bbox 746 2897 834 2939; x_wconf 87' lang='lat' dir='ltr'>App.</span> <span class='ocrx_word' id='word_1_476' title='bbox 855 2894 935 2936; x_wconf 87' lang='grc'>142;</span> <span class='ocrx_word' id='word_1_477' title='bbox 962 2897 1021 2928; x_wconf 84' lang='lat' dir='ltr'>cfr.</span> <span class='ocrx_word' id='word_1_478' title='bbox 1049 2896 1144 2928; x_wconf 84' lang='lat' dir='ltr'>Sav.²</span> <span class='ocrx_word' id='word_1_479' title='bbox 1170 2898 1212 2936; x_wconf 91' lang='lat' dir='ltr'>II,</span> <span class='ocrx_word' id='word_1_480' title='bbox 1236 2894 1334 2928; x_wconf 73' lang='lat' dir='ltr'>112q.</span> 
     </span>
    </p>

    <p class='ocr_par' dir='ltr' id='par_1_12' title="bbox 286 2951 1528 2996">
     <span class='ocr_line' id='line_1_47' title="bbox 286 2951 1528 2996; baseline 0.001 -12"><span class='ocrx_word' id='word_1_481' title='bbox 286 2953 312 2990; x_wconf 86' lang='lat'>⁵)</span> <span class='ocrx_word' id='word_1_482' title='bbox 339 2953 466 2996; x_wconf 84' lang='lat' dir='ltr'>Migne,</span> <span class='ocrx_word' id='word_1_483' title='bbox 491 2953 616 2985; x_wconf 87' lang='lat' dir='ltr'>Patrol.</span> <span class='ocrx_word' id='word_1_484' title='bbox 642 2953 700 2985; x_wconf 88' lang='lat' dir='ltr'>lat.</span> <span class='ocrx_word' id='word_1_485' title='bbox 727 2954 915 2991; x_wconf 82' lang='lat' dir='ltr'>CXXXIII,</span> <span class='ocrx_word' id='word_1_486' title='bbox 941 2953 1005 2986; x_wconf 87' lang='grc'>691</span> <span class='ocrx_word' id='word_1_487' title='bbox 1021 2965 1087 2996; x_wconf 87' lang='lat' dir='ltr'>sq.;</span> <span class='ocrx_word' id='word_1_488' title='bbox 1113 2955 1173 2986; x_wconf 88' lang='lat' dir='ltr'>cfr.</span> <span class='ocrx_word' id='word_1_489' title='bbox 1200 2953 1294 2986; x_wconf 82' lang='lat' dir='ltr'>Sav.²</span> <span class='ocrx_word' id='word_1_490' title='bbox 1321 2955 1362 2992; x_wconf 93' lang='grc' dir='ltr'>ΙΙ,</span> <span class='ocrx_word' id='word_1_491' title='bbox 1385 2951 1445 2985; x_wconf 90' lang='grc'>111</span> <span class='ocrx_word' id='word_1_492' title='bbox 1462 2951 1471 2975; x_wconf 94' lang='lat' dir='ltr'>l</span> <span class='ocrx_word' id='word_1_493' title='bbox 1489 2959 1528 2985; x_wconf 73' lang='lat'>¹¹².</span> 
     </span>
    </p>
   </div>
   <div class='ocr_carea' id='block_1_10' title="bbox 168 3007 2092 3099">
    <p class='ocr_par' dir='ltr' id='par_1_13' title="bbox 168 3007 2092 3099">
     <span class='ocr_line' id='line_1_48' title="bbox 286 3007 2092 3053; baseline -0.003 -11"><span class='ocrx_word' id='word_1_494' title='bbox 286 3009 314 3051; x_wconf 78' lang='lat'>⁸)</span> <span class='ocrx_word' id='word_1_495' title='bbox 341 3007 537 3051; x_wconf 74' lang='lat' dir='ltr'>(Vaissette)</span> <span class='ocrx_word' id='word_1_496' title='bbox 563 3010 585 3042; x_wconf 91' lang='lat' dir='ltr'>l.</span> <span class='ocrx_word' id='word_1_497' title='bbox 604 3021 633 3042; x_wconf 89' lang='lat' dir='ltr'>e.</span> <span class='ocrx_word' id='word_1_498' title='bbox 659 3011 702 3051; x_wconf 91' lang='lat' dir='ltr'>II,</span> <span class='ocrx_word' id='word_1_499' title='bbox 729 3021 874 3053; x_wconf 78' lang='lat' dir='ltr'>preuves</span> <span class='ocrx_word' id='word_1_500' title='bbox 902 3009 976 3043; x_wconf 82' lang='grc'>169.</span> <span class='ocrx_word' id='word_1_501' title='bbox 1025 3012 1203 3044; x_wconf 83' lang='lat' dir='ltr'>Praeterea</span> <span class='ocrx_word' id='word_1_502' title='bbox 1226 3009 1348 3052; x_wconf 84' lang='lat' dir='ltr'>‘legem</span> <span class='ocrx_word' id='word_1_503' title='bbox 1375 3008 1574 3042; x_wconf 76' lang='lat' dir='ltr'>Gothorum&#39;</span> <span class='ocrx_word' id='word_1_504' title='bbox 1601 3010 1632 3041; x_wconf 84' lang='lat' dir='ltr'>id</span> <span class='ocrx_word' id='word_1_505' title='bbox 1658 3014 1708 3042; x_wconf 90' lang='lat' dir='ltr'>est</span> <span class='ocrx_word' id='word_1_506' title='bbox 1726 3008 1979 3051; x_wconf 69' lang='lat' dir='ltr'>visigothorum</span> <span class='ocrx_word' id='word_1_507' title='bbox 2005 3017 2092 3039; x_wconf 90' lang='lat' dir='ltr'>com-</span> 
     </span>
     <span class='ocr_line' id='line_1_49' title="bbox 168 3051 2091 3099; baseline -0.003 -11"><span class='ocrx_word' id='word_1_508' title='bbox 168 3062 357 3088; x_wconf 81' lang='lat' dir='ltr'>memorant</span> <span class='ocrx_word' id='word_1_509' title='bbox 375 3056 579 3088; x_wconf 79' lang='lat' dir='ltr'>documenta</span> <span class='ocrx_word' id='word_1_510' title='bbox 593 3057 874 3098; x_wconf 84' lang='lat' dir='ltr'>Septimaniensia</span> <span class='ocrx_word' id='word_1_511' title='bbox 894 3054 935 3099; x_wconf 90' lang='lat' dir='ltr'>[c.</span> <span class='ocrx_word' id='word_1_512' title='bbox 948 3056 1010 3089; x_wconf 82' lang='lat'>941</span> <span class='ocrx_word' id='word_1_513' title='bbox 1028 3064 1061 3089; x_wconf 89' lang='lat' dir='ltr'>et</span> <span class='ocrx_word' id='word_1_514' title='bbox 1080 3055 1178 3099; x_wconf 82' lang='lat'>1060]</span> <span class='ocrx_word' id='word_1_515' title='bbox 1195 3057 1306 3089; x_wconf 80' lang='lat' dir='ltr'>Gallia</span> <span class='ocrx_word' id='word_1_516' title='bbox 1323 3057 1509 3089; x_wconf 82' lang='lat' dir='ltr'>christiana</span> <span class='ocrx_word' id='word_1_517' title='bbox 1527 3058 1550 3095; x_wconf 87' lang='grc' dir='ltr'>Ι,</span> <span class='ocrx_word' id='word_1_518' title='bbox 1569 3058 1655 3099; x_wconf 88' lang='lat' dir='ltr'>App.</span> <span class='ocrx_word' id='word_1_519' title='bbox 1671 3056 1691 3088; x_wconf 78' lang='lat'><strong>3</strong></span> <span class='ocrx_word' id='word_1_520' title='bbox 1709 3062 1741 3088; x_wconf 88' lang='lat' dir='ltr'>et</span> <span class='ocrx_word' id='word_1_521' title='bbox 1758 3054 1779 3086; x_wconf 82' lang='lat'>4</span> <span class='ocrx_word' id='word_1_522' title='bbox 1797 3053 1907 3097; x_wconf 75' lang='lat' dir='ltr'>[Sav.²</span> <span class='ocrx_word' id='word_1_523' title='bbox 1921 3055 1963 3094; x_wconf 91' lang='lat'>11,</span> <span class='ocrx_word' id='word_1_524' title='bbox 1982 3051 2091 3093; x_wconf 54' lang='lat'>1152}</span> 
     </span>
    </p>
   </div>
   <div class='ocr_carea' id='block_1_11' title="bbox 168 3109 2095 3299">
    <p class='ocr_par' dir='ltr' id='par_1_14' title="bbox 275 3109 2095 3182">
     <span class='ocr_line' id='line_1_50' title="bbox 275 3109 2095 3181; baseline -0.002 -36"><span class='ocrx_word' id='word_1_525' title='bbox 275 3112 313 3178; x_wconf 68' lang='lat'>⁷⁷)</span> <span class='ocrx_word' id='word_1_526' title='bbox 325 3113 513 3181; x_wconf 46' lang='grc' dir='ltr'>ἰΙΞΒΟΠΨΙΘῘ,</span> <span class='ocrx_word' id='word_1_527' title='bbox 545 3113 684 3145; x_wconf 87' lang='lat' dir='ltr'>Recueil</span> <span class='ocrx_word' id='word_1_528' title='bbox 716 3113 773 3146; x_wconf 87' lang='lat' dir='ltr'>des</span> <span class='ocrx_word' id='word_1_529' title='bbox 805 3114 986 3146; x_wconf 83' lang='lat' dir='ltr'>historiens</span> <span class='ocrx_word' id='word_1_530' title='bbox 1018 3114 1075 3146; x_wconf 87' lang='lat' dir='ltr'>des</span> <span class='ocrx_word' id='word_1_531' title='bbox 1107 3113 1235 3145; x_wconf 87' lang='lat' dir='ltr'>Gaules</span> <span class='ocrx_word' id='word_1_532' title='bbox 1264 3118 1298 3145; x_wconf 86' lang='lat' dir='ltr'>et</span> <span class='ocrx_word' id='word_1_533' title='bbox 1327 3114 1366 3145; x_wconf 90' lang='lat' dir='ltr'>de</span> <span class='ocrx_word' id='word_1_534' title='bbox 1397 3113 1432 3145; x_wconf 88' lang='lat' dir='ltr'>la</span> <span class='ocrx_word' id='word_1_535' title='bbox 1462 3114 1593 3146; x_wconf 76' lang='lat' dir='ltr'>Franco</span> <span class='ocrx_word' id='word_1_536' title='bbox 1619 3114 1666 3151; x_wconf 87' lang='lat' dir='ltr'>X,</span> <span class='ocrx_word' id='word_1_537' title='bbox 1691 3111 1758 3145; x_wconf 80' lang='lat'>453</span> <span class='ocrx_word' id='word_1_538' title='bbox 1785 3118 1816 3145; x_wconf 86' lang='lat' dir='ltr'>et</span> <span class='ocrx_word' id='word_1_539' title='bbox 1841 3109 1918 3143; x_wconf 76' lang='lat'>508.</span> <span class='ocrx_word' id='word_1_540' title='bbox 1967 3110 2095 3142; x_wconf 83' lang='lat' dir='ltr'>Conrat</span> 
     </span>
     <span class='ocr_line' id='line_1_51' title="bbox 307 3164 324 3182; baseline 0 0"><span class='ocrx_word' id='word_1_541' title='bbox 307 3164 324 3182; x_wconf 74' lang='grc'>8</span> 
     </span>
    </p>

    <p class='ocr_par' dir='ltr' id='par_1_15' title="bbox 168 3157 2092 3299">
     <span class='ocr_line' id='line_1_52' title="bbox 168 3157 2092 3254; baseline -0.002 -11"><span class='ocrx_word' id='word_1_542' title='bbox 168 3159 195 3200; x_wconf 62' lang='lat' dir='ltr'>I,</span> <span class='ocrx_word' id='word_1_543' title='bbox 219 3157 264 3192; x_wconf 67' lang='grc'>29</span> <span class='ocrx_word' id='word_1_544' title='bbox 289 3210 317 3253; x_wconf 84' lang='lat'>⁸)</span> <span class='ocrx_word' id='word_1_545' title='bbox 341 3183 521 3249; x_wconf 53' lang='lat' dir='ltr'>trabium,</span> <span class='ocrx_word' id='word_1_546' title='bbox 546 3210 670 3243; x_wconf 80' lang='lat' dir='ltr'>Vetera</span> <span class='ocrx_word' id='word_1_547' title='bbox 694 3211 861 3252; x_wconf 84' lang='lat' dir='ltr'>analecta,</span> <span class='ocrx_word' id='word_1_548' title='bbox 887 3212 938 3244; x_wconf 91' lang='lat' dir='ltr'>ed.</span> <span class='ocrx_word' id='word_1_549' title='bbox 956 3222 1045 3244; x_wconf 85' lang='lat' dir='ltr'>nova</span> <span class='ocrx_word' id='word_1_550' title='bbox 1064 3208 1180 3253; x_wconf 82' lang='grc'>[1723]</span> <span class='ocrx_word' id='word_1_551' title='bbox 1207 3222 1237 3254; x_wconf 90' lang='lat' dir='ltr'>p.</span> <span class='ocrx_word' id='word_1_552' title='bbox 1257 3209 1323 3244; x_wconf 88' lang='grc'>255</span> <span class='ocrx_word' id='word_1_553' title='bbox 1346 3215 1379 3243; x_wconf 81' lang='lat' dir='ltr'>et</span> <span class='ocrx_word' id='word_1_554' title='bbox 1404 3209 1481 3243; x_wconf 79' lang='grc'>267.</span> <span class='ocrx_word' id='word_1_555' title='bbox 1521 3213 1609 3243; x_wconf 83' lang='lat' dir='ltr'>Acta</span> <span class='ocrx_word' id='word_1_556' title='bbox 1627 3211 1825 3243; x_wconf 83' lang='lat' dir='ltr'>Sanctorum</span> <span class='ocrx_word' id='word_1_557' title='bbox 1844 3209 1971 3242; x_wconf 85' lang='lat' dir='ltr'>ordinis</span> <span class='ocrx_word' id='word_1_558' title='bbox 1987 3209 2092 3240; x_wconf 86' lang='lat' dir='ltr'>Bene-</span> 
     </span>
     <span class='ocr_line' id='line_1_53' title="bbox 169 3255 1194 3299; baseline -0.002 -9"><span class='ocrx_word' id='word_1_559' title='bbox 169 3257 250 3290; x_wconf 85' lang='lat' dir='ltr'>dicti</span> <span class='ocrx_word' id='word_1_560' title='bbox 274 3257 307 3290; x_wconf 80' lang='lat' dir='ltr'>S.</span> <span class='ocrx_word' id='word_1_561' title='bbox 325 3258 385 3290; x_wconf 90' lang='grc' dir='ltr'>ΠΙ.</span> <span class='ocrx_word' id='word_1_562' title='bbox 414 3258 438 3296; x_wconf 90' lang='grc' dir='ltr'>Ι,</span> <span class='ocrx_word' id='word_1_563' title='bbox 457 3255 524 3290; x_wconf 79' lang='lat'>632</span> <span class='ocrx_word' id='word_1_564' title='bbox 538 3268 586 3299; x_wconf 84' lang='lat' dir='ltr'>sq.</span> <span class='ocrx_word' id='word_1_565' title='bbox 636 3258 695 3290; x_wconf 88' lang='lat' dir='ltr'>cfr.</span> <span class='ocrx_word' id='word_1_566' title='bbox 722 3257 819 3290; x_wconf 60' lang='lat' dir='ltr'>Saw²</span> <span class='ocrx_word' id='word_1_567' title='bbox 842 3259 885 3298; x_wconf 87' lang='lat'>11,</span> <span class='ocrx_word' id='word_1_568' title='bbox 901 3257 988 3297; x_wconf 85' lang='grc'>116,</span> <span class='ocrx_word' id='word_1_569' title='bbox 1016 3257 1091 3296; x_wconf 70' lang='grc'>118,</span> <span class='ocrx_word' id='word_1_570' title='bbox 1120 3256 1194 3289; x_wconf 82' lang='grc'>119.</span> 
     </span>
    </p>
   </div>
   <div class='ocr_carea' id='block_1_12' title="bbox 168 3311 2090 3404">
    <p class='ocr_par' dir='ltr' id='par_1_16' title="bbox 168 3311 2090 3404">
     <span class='ocr_line' id='line_1_54' title="bbox 291 3311 2090 3357; baseline -0.001 -11"><span class='ocrx_word' id='word_1_571' title='bbox 291 3313 318 3356; x_wconf 80' lang='lat'>⁹)</span> <span class='ocrx_word' id='word_1_572' title='bbox 342 3315 472 3357; x_wconf 85' lang='lat' dir='ltr'>Migne,</span> <span class='ocrx_word' id='word_1_573' title='bbox 489 3314 614 3346; x_wconf 79' lang='lat' dir='ltr'>Patrol.</span> <span class='ocrx_word' id='word_1_574' title='bbox 631 3314 688 3347; x_wconf 85' lang='lat' dir='ltr'>lat.</span> <span class='ocrx_word' id='word_1_575' title='bbox 705 3315 808 3355; x_wconf 89' lang='lat' dir='ltr'>CXV,</span> <span class='ocrx_word' id='word_1_576' title='bbox 827 3313 869 3346; x_wconf 84' lang='lat'>77</span> <span class='ocrx_word' id='word_1_577' title='bbox 880 3326 940 3357; x_wconf 74' lang='lat' dir='ltr'>sq,</span> <span class='ocrx_word' id='word_1_578' title='bbox 959 3312 1003 3347; x_wconf 89' lang='grc'>88</span> <span class='ocrx_word' id='word_1_579' title='bbox 1016 3325 1082 3356; x_wconf 85' lang='lat' dir='ltr'>sq.;</span> <span class='ocrx_word' id='word_1_580' title='bbox 1108 3312 1206 3347; x_wconf 78' lang='lat' dir='ltr'>Sav.²</span> <span class='ocrx_word' id='word_1_581' title='bbox 1224 3315 1265 3352; x_wconf 91' lang='grc' dir='ltr'>ΙΙ,</span> <span class='ocrx_word' id='word_1_582' title='bbox 1286 3311 1381 3346; x_wconf 80' lang='grc' dir='ltr'>12οΠ</span> <span class='ocrx_word' id='word_1_583' title='bbox 1401 3319 1433 3346; x_wconf 88' lang='lat' dir='ltr'>et</span> <span class='ocrx_word' id='word_1_584' title='bbox 1455 3312 1538 3354; x_wconf 81' lang='lat'>4803</span> <span class='ocrx_word' id='word_1_585' title='bbox 1564 3314 1694 3347; x_wconf 90' lang='lat' dir='ltr'>Haenel</span> <span class='ocrx_word' id='word_1_586' title='bbox 1718 3314 1819 3346; x_wconf 79' lang='lat' dir='ltr'>LRV.</span> <span class='ocrx_word' id='word_1_587' title='bbox 1836 3311 1919 3353; x_wconf 80' lang='lat'>4653</span> <span class='ocrx_word' id='word_1_588' title='bbox 1947 3313 2090 3354; x_wconf 86' lang='lat' dir='ltr'>Simson,</span> 
     </span>
     <span class='ocr_line' id='line_1_55' title="bbox 168 3358 2090 3404; baseline 0 -12"><span class='ocrx_word' id='word_1_589' title='bbox 168 3360 387 3404; x_wconf 76' lang='lat' dir='ltr'>Entstehung</span> <span class='ocrx_word' id='word_1_590' title='bbox 404 3361 464 3394; x_wconf 88' lang='lat' dir='ltr'>der</span> <span class='ocrx_word' id='word_1_591' title='bbox 476 3361 850 3394; x_wconf 83' lang='lat' dir='ltr'>Pseudo-Isidorischen</span> <span class='ocrx_word' id='word_1_592' title='bbox 864 3361 1062 3403; x_wconf 68' lang='lat' dir='ltr'>Falschung</span> <span class='ocrx_word' id='word_1_593' title='bbox 1077 3359 1118 3394; x_wconf 73' lang='grc'>79</span> <span class='ocrx_word' id='word_1_594' title='bbox 1127 3372 1192 3403; x_wconf 87' lang='lat' dir='ltr'>sq.;</span> <span class='ocrx_word' id='word_1_595' title='bbox 1208 3361 1244 3393; x_wconf 78' lang='lat' dir='ltr'>P.</span> <span class='ocrx_word' id='word_1_596' title='bbox 1256 3360 1421 3392; x_wconf 88' lang='lat' dir='ltr'>Fournier</span> <span class='ocrx_word' id='word_1_597' title='bbox 1438 3361 1471 3392; x_wconf 90' lang='lat' dir='ltr'>in</span> <span class='ocrx_word' id='word_1_598' title='bbox 1484 3361 1564 3392; x_wconf 89' lang='lat' dir='ltr'>th.</span> <span class='ocrx_word' id='word_1_599' title='bbox 1579 3361 1639 3402; x_wconf 87' lang='lat' dir='ltr'>XI,</span> <span class='ocrx_word' id='word_1_600' title='bbox 1654 3358 1697 3393; x_wconf 85' lang='lat'>84</span> <span class='ocrx_word' id='word_1_601' title='bbox 1707 3371 1773 3402; x_wconf 87' lang='lat' dir='ltr'>sq.;</span> <span class='ocrx_word' id='word_1_602' title='bbox 1789 3361 1914 3392; x_wconf 86' lang='lat' dir='ltr'>Conrat</span> <span class='ocrx_word' id='word_1_603' title='bbox 1927 3361 1952 3399; x_wconf 87' lang='grc' dir='ltr'>Ι,</span> <span class='ocrx_word' id='word_1_604' title='bbox 1964 3358 2032 3393; x_wconf 88' lang='grc'>310</span> <span class='ocrx_word' id='word_1_605' title='bbox 2043 3372 2090 3403; x_wconf 87' lang='lat' dir='ltr'>sq.</span> 
     </span>
    </p>
   </div>
  </div>
 </body>
</html>
