<?xml version="1.0" encoding="UTF-8"?>
<!DOCTYPE html PUBLIC "-//W3C//DTD XHTML 1.0 Transitional//EN"
    "http://www.w3.org/TR/xhtml1/DTD/xhtml1-transitional.dtd">
<html xmlns="http://www.w3.org/1999/xhtml" xml:lang="en" lang="en">
 <head>
  <title>
</title>
<meta http-equiv="Content-Type" content="text/html;charset=utf-8" />
  <meta name='ocr-system' content='tesseract 3.04.00' />
  <meta name='ocr-capabilities' content='ocr_page ocr_carea ocr_par ocr_line ocrx_word'/>
</head>
<body>
  <div class='ocr_page' id='page_1' title='image "./theodosianilibri00codeuoft_0090.png"; bbox 0 0 2485 3615; ppageno 0'>
   <div class='ocr_carea' id='block_1_1' title="bbox 1105 124 1477 160">
    <p class='ocr_par' dir='ltr' id='par_1_1' title="bbox 1105 124 1477 160">
     <span class='ocr_line' id='line_1_1' title="bbox 1105 124 1477 160; baseline 0.003 -1"><span class='ocrx_word' id='word_1_1' title='bbox 1105 145 1148 150; x_wconf 93' lang='lat'><strong>—</strong></span> <span class='ocrx_word' id='word_1_2' title='bbox 1196 124 1384 160; x_wconf 83' lang='lat' dir='ltr'>LXXXIV</span> <span class='ocrx_word' id='word_1_3' title='bbox 1433 146 1477 152; x_wconf 88' lang='lat'><em>-</em></span> 
     </span>
    </p>
   </div>
   <div class='ocr_carea' id='block_1_2' title="bbox 316 228 2255 1718">
    <p class='ocr_par' dir='ltr' id='par_1_2' title="bbox 316 228 2255 1547">
     <span class='ocr_line' id='line_1_2' title="bbox 325 228 2254 274; baseline 0.002 -11"><span class='ocrx_word' id='word_1_4' title='bbox 325 228 393 264; x_wconf 80' lang='lat' dir='ltr'>arii</span> <span class='ocrx_word' id='word_1_5' title='bbox 408 228 611 264; x_wconf 78' lang='lat' dir='ltr'>Alarici-ani</span> <span class='ocrx_word' id='word_1_6' title='bbox 625 229 740 273; x_wconf 88' lang='lat' dir='ltr'>(binio</span> <span class='ocrx_word' id='word_1_7' title='bbox 748 229 854 263; x_wconf 86' lang='lat' dir='ltr'>VIlII</span> <span class='ocrx_word' id='word_1_8' title='bbox 871 246 912 259; x_wconf 87' lang='lat'>==</span> <span class='ocrx_word' id='word_1_9' title='bbox 928 232 950 264; x_wconf 80' lang='lat' dir='ltr'>s.</span> <span class='ocrx_word' id='word_1_10' title='bbox 966 230 1162 269; x_wconf 64' lang='lat' dir='ltr'>141—14i;</span> <span class='ocrx_word' id='word_1_11' title='bbox 1182 241 1240 272; x_wconf 83' lang='lat' dir='ltr'>qu.</span> <span class='ocrx_word' id='word_1_12' title='bbox 1251 229 1281 262; x_wconf 79' lang='lat' dir='ltr'>X</span> <span class='ocrx_word' id='word_1_13' title='bbox 1298 244 1340 257; x_wconf 93' lang='lat'><strong><em>=</em></strong></span> <span class='ocrx_word' id='word_1_14' title='bbox 1354 229 1586 269; x_wconf 0' lang='lat' dir='ltr'>f 145-152;</span> <span class='ocrx_word' id='word_1_15' title='bbox 1602 230 1796 274; x_wconf 78' lang='lat' dir='ltr'>quaternio</span> <span class='ocrx_word' id='word_1_16' title='bbox 1809 232 1860 266; x_wconf 82' lang='lat' dir='ltr'>XI</span> <span class='ocrx_word' id='word_1_17' title='bbox 1876 231 2135 269; x_wconf 86' lang='lat' dir='ltr'>deficientibus</span> <span class='ocrx_word' id='word_1_18' title='bbox 2153 232 2254 268; x_wconf 89' lang='lat' dir='ltr'>foliis</span> 
     </span>
     <span class='ocr_line' id='line_1_3' title="bbox 324 286 2252 335; baseline 0.002 -14"><span class='ocrx_word' id='word_1_19' title='bbox 324 287 466 322; x_wconf 85' lang='lat' dir='ltr'>duobus</span> <span class='ocrx_word' id='word_1_20' title='bbox 491 287 622 332; x_wconf 88' lang='lat' dir='ltr'>quinto</span> <span class='ocrx_word' id='word_1_21' title='bbox 647 288 778 329; x_wconf 67' lang='lat' dir='ltr'>exciso,</span> <span class='ocrx_word' id='word_1_22' title='bbox 807 289 939 323; x_wconf 84' lang='lat' dir='ltr'>octavo</span> <span class='ocrx_word' id='word_1_23' title='bbox 966 286 1160 332; x_wconf 84' lang='lat' dir='ltr'>deperdito</span> <span class='ocrx_word' id='word_1_24' title='bbox 1180 303 1221 315; x_wconf 75' lang='grc' dir='ltr'><strong>Ξ</strong></span> <span class='ocrx_word' id='word_1_25' title='bbox 1239 287 1262 321; x_wconf 90' lang='lat' dir='ltr'>f.</span> <span class='ocrx_word' id='word_1_26' title='bbox 1280 287 1493 330; x_wconf 77' lang='lat'>153-158).</span> <span class='ocrx_word' id='word_1_27' title='bbox 1541 287 1650 323; x_wconf 87' lang='lat' dir='ltr'>Binio</span> <span class='ocrx_word' id='word_1_28' title='bbox 1675 287 1844 334; x_wconf 87' lang='lat' dir='ltr'>signatus</span> <span class='ocrx_word' id='word_1_29' title='bbox 1864 289 1970 324; x_wconf 89' lang='lat' dir='ltr'>VIIII</span> <span class='ocrx_word' id='word_1_30' title='bbox 1998 291 2037 334; x_wconf 91' lang='lat' dir='ltr'>(f.</span> <span class='ocrx_word' id='word_1_31' title='bbox 2058 291 2252 335; x_wconf 87' lang='lat'>141-144)</span> 
     </span>
     <span class='ocr_line' id='line_1_4' title="bbox 324 343 2250 393; baseline 0.003 -15"><span class='ocrx_word' id='word_1_32' title='bbox 324 344 490 380; x_wconf 87' lang='lat' dir='ltr'>continet</span> <span class='ocrx_word' id='word_1_33' title='bbox 514 347 620 391; x_wconf 82' lang='lat' dir='ltr'>gesta</span> <span class='ocrx_word' id='word_1_34' title='bbox 645 348 794 380; x_wconf 80' lang='lat' dir='ltr'>senatus</span> <span class='ocrx_word' id='word_1_35' title='bbox 820 346 864 380; x_wconf 85' lang='lat' dir='ltr'>de</span> <span class='ocrx_word' id='word_1_36' title='bbox 888 345 1013 379; x_wconf 89' lang='lat' dir='ltr'>codice</span> <span class='ocrx_word' id='word_1_37' title='bbox 1031 343 1287 379; x_wconf 76' lang='lat' dir='ltr'>Theodosi-ano</span> <span class='ocrx_word' id='word_1_38' title='bbox 1311 345 1537 390; x_wconf 84' lang='lat' dir='ltr'>publicando</span> <span class='ocrx_word' id='word_1_39' title='bbox 1564 345 1711 382; x_wconf 88' lang='lat' dir='ltr'>adiecto</span> <span class='ocrx_word' id='word_1_40' title='bbox 1735 347 1914 393; x_wconf 85' lang='lat' dir='ltr'>rescripto</span> <span class='ocrx_word' id='word_1_41' title='bbox 1940 349 1988 384; x_wconf 88' lang='lat' dir='ltr'>ad</span> <span class='ocrx_word' id='word_1_42' title='bbox 2014 347 2250 385; x_wconf 88' lang='lat' dir='ltr'>constitutio-</span> 
     </span>
     <span class='ocr_line' id='line_1_5' title="bbox 322 399 2254 450; baseline 0.003 -14"><span class='ocrx_word' id='word_1_43' title='bbox 322 401 460 443; x_wconf 79' lang='lat' dir='ltr'>uarios:</span> <span class='ocrx_word' id='word_1_44' title='bbox 486 402 646 438; x_wconf 88' lang='lat' dir='ltr'>indicem</span> <span class='ocrx_word' id='word_1_45' title='bbox 672 403 865 437; x_wconf 85' lang='lat' dir='ltr'>titulorum</span> <span class='ocrx_word' id='word_1_46' title='bbox 886 402 1024 437; x_wconf 83' lang='lat' dir='ltr'>codicis</span> <span class='ocrx_word' id='word_1_47' title='bbox 1043 402 1292 438; x_wconf 86' lang='lat' dir='ltr'>Theodosiani</span> <span class='ocrx_word' id='word_1_48' title='bbox 1317 402 1434 438; x_wconf 87' lang='lat' dir='ltr'>totius</span> <span class='ocrx_word' id='word_1_49' title='bbox 1460 415 1543 438; x_wconf 88' lang='lat' dir='ltr'>cum</span> <span class='ocrx_word' id='word_1_50' title='bbox 1567 404 1841 450; x_wconf 71' lang='lat' dir='ltr'>subscriptione</span> <span class='ocrx_word' id='word_1_51' title='bbox 1866 406 2058 450; x_wconf 73' lang='lat' dir='ltr'>eaepIiciunt</span> <span class='ocrx_word' id='word_1_52' title='bbox 2083 407 2182 442; x_wconf 72' lang='lat' dir='ltr'>tituli</span> <span class='ocrx_word' id='word_1_53' title='bbox 2206 399 2254 442; x_wconf 61' lang='lat' dir='ltr'><em>l—iB</em></span> 
     </span>
     <span class='ocr_line' id='line_1_6' title="bbox 322 459 2252 510; baseline 0.004 -17"><span class='ocrx_word' id='word_1_54' title='bbox 322 459 514 494; x_wconf 70' lang='lat' dir='ltr'>teodosiani</span> <span class='ocrx_word' id='word_1_55' title='bbox 538 460 715 495; x_wconf 87' lang='lat' dir='ltr'>librorum</span> <span class='ocrx_word' id='word_1_56' title='bbox 746 459 973 495; x_wconf 88' lang='lat' dir='ltr'>indicatione</span> <span class='ocrx_word' id='word_1_57' title='bbox 998 459 1189 495; x_wconf 87' lang='lat' dir='ltr'>miniatori</span> <span class='ocrx_word' id='word_1_58' title='bbox 1218 460 1352 496; x_wconf 88' lang='lat' dir='ltr'>relicta</span> <span class='ocrx_word' id='word_1_59' title='bbox 1382 472 1500 505; x_wconf 88' lang='lat' dir='ltr'>neque</span> <span class='ocrx_word' id='word_1_60' title='bbox 1531 462 1697 506; x_wconf 80' lang='lat' dir='ltr'>expleta3</span> <span class='ocrx_word' id='word_1_61' title='bbox 1731 462 1889 507; x_wconf 89' lang='lat' dir='ltr'>denique</span> <span class='ocrx_word' id='word_1_62' title='bbox 1919 464 1987 499; x_wconf 90' lang='lat' dir='ltr'>sub</span> <span class='ocrx_word' id='word_1_63' title='bbox 2019 464 2252 510; x_wconf 85' lang='lat' dir='ltr'>praescripto</span> 
     </span>
     <span class='ocr_line' id='line_1_7' title="bbox 323 516 2249 564; baseline 0.003 -14"><span class='ocrx_word' id='word_1_64' title='bbox 323 516 365 551; x_wconf 80' lang='lat' dir='ltr'>de</span> <span class='ocrx_word' id='word_1_65' title='bbox 395 518 632 552; x_wconf 62' lang='lat' dir='ltr'>Theodosiane</span> <span class='ocrx_word' id='word_1_66' title='bbox 660 517 786 552; x_wconf 78' lang='lat' dir='ltr'>codicis</span> <span class='ocrx_word' id='word_1_67' title='bbox 816 518 1024 552; x_wconf 69' lang='lat' dir='ltr'>auctoritate</span> <span class='ocrx_word' id='word_1_68' title='bbox 1057 518 1257 553; x_wconf 81' lang='lat' dir='ltr'>Theodosii</span> <span class='ocrx_word' id='word_1_69' title='bbox 1291 519 1477 554; x_wconf 81' lang='lat' dir='ltr'>novellam</span> <span class='ocrx_word' id='word_1_70' title='bbox 1513 518 1672 564; x_wconf 79' lang='lat' dir='ltr'>primam</span> <span class='ocrx_word' id='word_1_71' title='bbox 1702 519 1793 555; x_wconf 90' lang='lat' dir='ltr'>item</span> <span class='ocrx_word' id='word_1_72' title='bbox 1823 520 1860 555; x_wconf 91' lang='lat' dir='ltr'>in</span> <span class='ocrx_word' id='word_1_73' title='bbox 1894 520 2016 557; x_wconf 91' lang='lat' dir='ltr'>indice</span> <span class='ocrx_word' id='word_1_74' title='bbox 2051 533 2094 557; x_wconf 90' lang='lat' dir='ltr'>eo</span> <span class='ocrx_word' id='word_1_75' title='bbox 2127 534 2249 558; x_wconf 91' lang='lat' dir='ltr'>recen-</span> 
     </span>
     <span class='ocr_line' id='line_1_8' title="bbox 322 574 2252 623; baseline 0.003 -14"><span class='ocrx_word' id='word_1_76' title='bbox 322 574 450 615; x_wconf 57' lang='lat' dir='ltr'>sitam</span> <span class='ocrx_word' id='word_1_77' title='bbox 476 575 619 619; x_wconf 85' lang='lat' dir='ltr'>reliqua</span> <span class='ocrx_word' id='word_1_78' title='bbox 645 587 730 620; x_wconf 86' lang='lat' dir='ltr'>pars</span> <span class='ocrx_word' id='word_1_79' title='bbox 755 574 917 620; x_wconf 77' lang='lat' dir='ltr'>paginae</span> <span class='ocrx_word' id='word_1_80' title='bbox 943 587 1062 611; x_wconf 86' lang='lat' dir='ltr'>vacua</span> <span class='ocrx_word' id='word_1_81' title='bbox 1086 575 1274 611; x_wconf 84' lang='lat' dir='ltr'>remansit.</span> <span class='ocrx_word' id='word_1_82' title='bbox 1325 576 1594 617; x_wconf 79' lang='lat' dir='ltr'>Quateruiones</span> <span class='ocrx_word' id='word_1_83' title='bbox 1619 577 1663 612; x_wconf 88' lang='lat' dir='ltr'>X.</span> <span class='ocrx_word' id='word_1_84' title='bbox 1682 578 1734 612; x_wconf 87' lang='lat' dir='ltr'>XI</span> <span class='ocrx_word' id='word_1_85' title='bbox 1761 578 1799 621; x_wconf 86' lang='lat' dir='ltr'>(f.</span> <span class='ocrx_word' id='word_1_86' title='bbox 1820 578 2018 623; x_wconf 83' lang='lat'>145—156)</span> <span class='ocrx_word' id='word_1_87' title='bbox 2044 579 2252 621; x_wconf 86' lang='lat' dir='ltr'>continent,</span> 
     </span>
     <span class='ocr_line' id='line_1_9' title="bbox 320 633 2252 682; baseline 0.002 -14"><span class='ocrx_word' id='word_1_88' title='bbox 320 633 477 668; x_wconf 80' lang='lat' dir='ltr'><strong>rubricis</strong></span> <span class='ocrx_word' id='word_1_89' title='bbox 496 636 644 679; x_wconf 84' lang='lat' dir='ltr'>praeter</span> <span class='ocrx_word' id='word_1_90' title='bbox 660 645 771 667; x_wconf 86' lang='lat' dir='ltr'>unam</span> <span class='ocrx_word' id='word_1_91' title='bbox 790 633 826 676; x_wconf 92' lang='lat' dir='ltr'>(l.</span> <span class='ocrx_word' id='word_1_92' title='bbox 842 634 873 675; x_wconf 87' lang='grc'>2,</span> <span class='ocrx_word' id='word_1_93' title='bbox 887 634 921 677; x_wconf 85' lang='grc'>3)</span> <span class='ocrx_word' id='word_1_94' title='bbox 939 633 1128 669; x_wconf 84' lang='lat' dir='ltr'>miniatori</span> <span class='ocrx_word' id='word_1_95' title='bbox 1149 635 1197 669; x_wconf 87' lang='lat' dir='ltr'>ad</span> <span class='ocrx_word' id='word_1_96' title='bbox 1216 634 1441 679; x_wconf 77' lang='lat' dir='ltr'>explendum</span> <span class='ocrx_word' id='word_1_97' title='bbox 1457 634 1609 676; x_wconf 73' lang='lat' dir='ltr'>relictis,</span> <span class='ocrx_word' id='word_1_98' title='bbox 1633 635 1752 680; x_wconf 89' lang='lat' dir='ltr'>ipsius</span> <span class='ocrx_word' id='word_1_99' title='bbox 1770 635 1908 671; x_wconf 88' lang='lat' dir='ltr'>codicis</span> <span class='ocrx_word' id='word_1_100' title='bbox 1925 635 2062 671; x_wconf 88' lang='lat' dir='ltr'>librum</span> <span class='ocrx_word' id='word_1_101' title='bbox 2078 636 2252 682; x_wconf 88' lang='lat' dir='ltr'>primum,</span> 
     </span>
     <span class='ocr_line' id='line_1_10' title="bbox 321 689 2254 738; baseline 0.002 -12"><span class='ocrx_word' id='word_1_102' title='bbox 321 691 380 726; x_wconf 88' lang='lat' dir='ltr'>cui</span> <span class='ocrx_word' id='word_1_103' title='bbox 405 691 649 726; x_wconf 82' lang='lat' dir='ltr'>subscribitur</span> <span class='ocrx_word' id='word_1_104' title='bbox 673 691 833 733; x_wconf 69' lang='lat' dir='ltr'>explicit,</span> <span class='ocrx_word' id='word_1_105' title='bbox 863 689 955 726; x_wconf 89' lang='lat' dir='ltr'>item</span> <span class='ocrx_word' id='word_1_106' title='bbox 979 691 1132 726; x_wconf 87' lang='lat' dir='ltr'>secundi</span> <span class='ocrx_word' id='word_1_107' title='bbox 1156 693 1302 736; x_wconf 82' lang='lat' dir='ltr'>partem</span> <span class='ocrx_word' id='word_1_108' title='bbox 1325 691 1484 737; x_wconf 81' lang='lat' dir='ltr'>primam</span> <span class='ocrx_word' id='word_1_109' title='bbox 1510 692 1558 727; x_wconf 88' lang='lat' dir='ltr'>ad</span> <span class='ocrx_word' id='word_1_110' title='bbox 1584 691 1642 727; x_wconf 88' lang='lat' dir='ltr'>tit.</span> <span class='ocrx_word' id='word_1_111' title='bbox 1661 693 1684 727; x_wconf 87' lang='grc'>4</span> <span class='ocrx_word' id='word_1_112' title='bbox 1709 704 1738 727; x_wconf 89' lang='grc'>0.</span> <span class='ocrx_word' id='word_1_113' title='bbox 1759 693 1780 727; x_wconf 90' lang='grc'>6</span> <span class='ocrx_word' id='word_1_114' title='bbox 1807 693 1905 728; x_wconf 83' lang='lat' dir='ltr'>verb.</span> <span class='ocrx_word' id='word_1_115' title='bbox 1925 698 2109 737; x_wconf 73' lang='lat' dir='ltr'>proponat</span> <span class='ocrx_word' id='word_1_116' title='bbox 2134 698 2183 738; x_wconf 78' lang='lat' dir='ltr'>et,</span> <span class='ocrx_word' id='word_1_117' title='bbox 2215 693 2254 729; x_wconf 88' lang='lat' dir='ltr'>in</span> 
     </span>
     <span class='ocr_line' id='line_1_11' title="bbox 321 748 2253 795; baseline 0.002 -12"><span class='ocrx_word' id='word_1_118' title='bbox 321 761 392 793; x_wconf 84' lang='lat' dir='ltr'>quo</span> <span class='ocrx_word' id='word_1_119' title='bbox 418 748 498 784; x_wconf 82' lang='lat' dir='ltr'>finit</span> <span class='ocrx_word' id='word_1_120' title='bbox 523 761 557 792; x_wconf 86' lang='lat' dir='ltr'>q.</span> <span class='ocrx_word' id='word_1_121' title='bbox 576 748 627 782; x_wconf 86' lang='lat' dir='ltr'>XI</span> <span class='ocrx_word' id='word_1_122' title='bbox 652 748 675 782; x_wconf 88' lang='lat' dir='ltr'>f.</span> <span class='ocrx_word' id='word_1_123' title='bbox 701 750 892 792; x_wconf 87' lang='lat' dir='ltr'>quartum;</span> <span class='ocrx_word' id='word_1_124' title='bbox 928 748 1099 793; x_wconf 87' lang='lat' dir='ltr'>quintum</span> <span class='ocrx_word' id='word_1_125' title='bbox 1131 761 1214 784; x_wconf 88' lang='lat' dir='ltr'>cum</span> <span class='ocrx_word' id='word_1_126' title='bbox 1247 748 1410 785; x_wconf 84' lang='lat' dir='ltr'>excisum</span> <span class='ocrx_word' id='word_1_127' title='bbox 1441 749 1507 791; x_wconf 88' lang='lat' dir='ltr'>sit,</span> <span class='ocrx_word' id='word_1_128' title='bbox 1542 750 1698 786; x_wconf 85' lang='lat' dir='ltr'>fortasse</span> <span class='ocrx_word' id='word_1_129' title='bbox 1723 750 1907 794; x_wconf 79' lang='lat' dir='ltr'>quaedam</span> <span class='ocrx_word' id='word_1_130' title='bbox 1939 751 2144 795; x_wconf 83' lang='lat' dir='ltr'>perierunt,</span> <span class='ocrx_word' id='word_1_131' title='bbox 2179 763 2253 788; x_wconf 88' lang='grc'><strong>11011</strong></span> 
     </span>
     <span class='ocr_line' id='line_1_12' title="bbox 320 806 2254 855; baseline 0.003 -15"><span class='ocrx_word' id='word_1_132' title='bbox 320 806 438 840; x_wconf 84' lang='lat' dir='ltr'>inulta</span> <span class='ocrx_word' id='word_1_133' title='bbox 464 809 598 846; x_wconf 81' lang='lat' dir='ltr'>tamen,</span> <span class='ocrx_word' id='word_1_134' title='bbox 624 817 709 840; x_wconf 86' lang='lat' dir='ltr'>nam</span> <span class='ocrx_word' id='word_1_135' title='bbox 734 806 850 841; x_wconf 81' lang='lat' dir='ltr'>f.157.</span> <span class='ocrx_word' id='word_1_136' title='bbox 870 806 935 841; x_wconf 97' lang='grc'>158</span> <span class='ocrx_word' id='word_1_137' title='bbox 961 806 1217 850; x_wconf 85' lang='lat' dir='ltr'>(cohaerent-ia</span> <span class='ocrx_word' id='word_1_138' title='bbox 1243 819 1325 842; x_wconf 91' lang='lat' dir='ltr'>cum</span> <span class='ocrx_word' id='word_1_139' title='bbox 1351 808 1373 841; x_wconf 90' lang='lat' dir='ltr'>f.</span> <span class='ocrx_word' id='word_1_140' title='bbox 1395 808 1470 842; x_wconf 85' lang='grc'><strong>154.</strong></span> <span class='ocrx_word' id='word_1_141' title='bbox 1491 808 1570 851; x_wconf 90' lang='grc'><strong>155)</strong></span> <span class='ocrx_word' id='word_1_142' title='bbox 1589 807 1844 852; x_wconf 78' lang='lat' dir='ltr'>quaternionis</span> <span class='ocrx_word' id='word_1_143' title='bbox 1863 808 1914 842; x_wconf 87' lang='lat' dir='ltr'>XI</span> <span class='ocrx_word' id='word_1_144' title='bbox 1940 811 2085 844; x_wconf 83' lang='lat' dir='ltr'>sextum</span> <span class='ocrx_word' id='word_1_145' title='bbox 2109 812 2148 845; x_wconf 91' lang='lat' dir='ltr'>et</span> <span class='ocrx_word' id='word_1_146' title='bbox 2173 821 2254 855; x_wconf 89' lang='lat' dir='ltr'>sep-</span> 
     </span>
     <span class='ocr_line' id='line_1_13' title="bbox 320 862 2252 912; baseline 0.003 -15"><span class='ocrx_word' id='word_1_147' title='bbox 320 863 453 898; x_wconf 86' lang='lat' dir='ltr'>timum</span> <span class='ocrx_word' id='word_1_148' title='bbox 478 862 653 898; x_wconf 89' lang='lat' dir='ltr'>librarius</span> <span class='ocrx_word' id='word_1_149' title='bbox 680 875 799 899; x_wconf 86' lang='lat' dir='ltr'>vacua</span> <span class='ocrx_word' id='word_1_150' title='bbox 827 863 983 908; x_wconf 89' lang='lat' dir='ltr'>reliquit</span> <span class='ocrx_word' id='word_1_151' title='bbox 995 866 1038 908; x_wconf 71' lang='lat'>¹),</span> <span class='ocrx_word' id='word_1_152' title='bbox 1075 864 1203 909; x_wconf 87' lang='lat' dir='ltr'>itaque</span> <span class='ocrx_word' id='word_1_153' title='bbox 1235 865 1349 900; x_wconf 80' lang='lat' dir='ltr'>codex</span> <span class='ocrx_word' id='word_1_154' title='bbox 1383 865 1590 911; x_wconf 88' lang='lat' dir='ltr'>descriptus</span> <span class='ocrx_word' id='word_1_155' title='bbox 1623 865 1673 900; x_wconf 90' lang='lat' dir='ltr'>sit</span> <span class='ocrx_word' id='word_1_156' title='bbox 1707 877 1854 901; x_wconf 86' lang='lat' dir='ltr'>necesse</span> <span class='ocrx_word' id='word_1_157' title='bbox 1887 868 1943 901; x_wconf 88' lang='lat' dir='ltr'>est</span> <span class='ocrx_word' id='word_1_158' title='bbox 1976 877 2021 901; x_wconf 85' lang='lat' dir='ltr'>ex</span> <span class='ocrx_word' id='word_1_159' title='bbox 2046 867 2252 912; x_wconf 86' lang='lat' dir='ltr'>archetypo</span> 
     </span>
     <span class='ocr_line' id='line_1_14' title="bbox 319 920 2254 970; baseline 0.002 -15"><span class='ocrx_word' id='word_1_160' title='bbox 319 921 451 956; x_wconf 87' lang='lat' dir='ltr'>mutilo</span> <span class='ocrx_word' id='word_1_161' title='bbox 488 920 638 957; x_wconf 87' lang='lat' dir='ltr'>finiente</span> <span class='ocrx_word' id='word_1_162' title='bbox 671 922 783 963; x_wconf 80' lang='lat'>2,4,6</span> <span class='ocrx_word' id='word_1_163' title='bbox 820 924 887 957; x_wconf 89' lang='lat' dir='ltr'>aut</span> <span class='ocrx_word' id='word_1_164' title='bbox 923 922 1037 967; x_wconf 88' lang='lat' dir='ltr'>paulo</span> <span class='ocrx_word' id='word_1_165' title='bbox 1076 925 1171 967; x_wconf 88' lang='lat' dir='ltr'>post.</span> <span class='ocrx_word' id='word_1_166' title='bbox 1228 923 1269 957; x_wconf 97' lang='grc'>111</span> <span class='ocrx_word' id='word_1_167' title='bbox 1301 922 1434 958; x_wconf 87' lang='lat' dir='ltr'>iisdem</span> <span class='ocrx_word' id='word_1_168' title='bbox 1468 923 1569 958; x_wconf 89' lang='lat' dir='ltr'>foliis</span> <span class='ocrx_word' id='word_1_169' title='bbox 1603 924 1676 959; x_wconf 83' lang='grc'><strong>157.</strong></span> <span class='ocrx_word' id='word_1_170' title='bbox 1705 923 1770 958; x_wconf 88' lang='grc'><strong>158</strong></span> <span class='ocrx_word' id='word_1_171' title='bbox 1803 923 1926 968; x_wconf 87' lang='lat' dir='ltr'>prima</span> <span class='ocrx_word' id='word_1_172' title='bbox 1958 923 2101 970; x_wconf 85' lang='lat' dir='ltr'>pagina</span> <span class='ocrx_word' id='word_1_173' title='bbox 2135 936 2254 959; x_wconf 87' lang='lat' dir='ltr'>vacua</span> 
     </span>
     <span class='ocr_line' id='line_1_15' title="bbox 319 978 2254 1028; baseline 0.002 -15"><span class='ocrx_word' id='word_1_174' title='bbox 319 978 452 1014; x_wconf 87' lang='lat' dir='ltr'>relicta</span> <span class='ocrx_word' id='word_1_175' title='bbox 482 980 569 1024; x_wconf 88' lang='lat' dir='ltr'>post</span> <span class='ocrx_word' id='word_1_176' title='bbox 598 981 746 1024; x_wconf 80' lang='lat' dir='ltr'>tempus</span> <span class='ocrx_word' id='word_1_177' title='bbox 776 979 1006 1025; x_wconf 87' lang='lat' dir='ltr'>perscriptus</span> <span class='ocrx_word' id='word_1_178' title='bbox 1036 983 1091 1015; x_wconf 90' lang='lat' dir='ltr'>est</span> <span class='ocrx_word' id='word_1_179' title='bbox 1124 992 1237 1015; x_wconf 85' lang='lat' dir='ltr'>manu</span> <span class='ocrx_word' id='word_1_180' title='bbox 1269 980 1473 1017; x_wconf 86' lang='lat' dir='ltr'>recentiore</span> <span class='ocrx_word' id='word_1_181' title='bbox 1503 981 1713 1026; x_wconf 75' lang='lat' dir='ltr'>‘rhythmus</span> <span class='ocrx_word' id='word_1_182' title='bbox 1741 981 1779 1016; x_wconf 88' lang='grc'>111</span> <span class='ocrx_word' id='word_1_183' title='bbox 1809 981 2064 1026; x_wconf 75' lang='lat' dir='ltr'>assumptione</span> <span class='ocrx_word' id='word_1_184' title='bbox 2098 981 2254 1028; x_wconf 81' lang='lat' dir='ltr'>virginis</span> 
     </span>
     <span class='ocr_line' id='line_1_16' title="bbox 318 1033 2255 1086; baseline 0.002 -16"><span class='ocrx_word' id='word_1_185' title='bbox 318 1033 470 1071; x_wconf 81' lang='lat' dir='ltr'>Mariae&#39;</span> <span class='ocrx_word' id='word_1_186' title='bbox 496 1048 579 1071; x_wconf 91' lang='lat' dir='ltr'>cum</span> <span class='ocrx_word' id='word_1_187' title='bbox 603 1036 876 1082; x_wconf 82' lang='lat' dir='ltr'>subscriptione</span> <span class='ocrx_word' id='word_1_188' title='bbox 901 1037 989 1072; x_wconf 90' lang='lat' dir='ltr'>hac:</span> <span class='ocrx_word' id='word_1_189' title='bbox 1020 1037 1115 1072; x_wconf 74' lang='lat' dir='ltr'>hanc</span> <span class='ocrx_word' id='word_1_190' title='bbox 1135 1049 1283 1082; x_wconf 74' lang='lat' dir='ltr'>prosam</span> <span class='ocrx_word' id='word_1_191' title='bbox 1308 1038 1417 1073; x_wconf 76' lang='lat' dir='ltr'>attuli</span> <span class='ocrx_word' id='word_1_192' title='bbox 1442 1039 1484 1073; x_wconf 83' lang='lat' dir='ltr'>de</span> <span class='ocrx_word' id='word_1_193' title='bbox 1509 1040 1703 1086; x_wconf 71' lang='lat' dir='ltr'>Montayut</span> <span class='ocrx_word' id='word_1_194' title='bbox 1732 1039 1773 1074; x_wconf 77' lang='lat' dir='ltr'>in</span> <span class='ocrx_word' id='word_1_195' title='bbox 1797 1040 1883 1082; x_wconf 79' lang='lat' dir='ltr'>festi</span> <span class='ocrx_word' id='word_1_196' title='bbox 1903 1041 1935 1074; x_wconf 66' lang='grc' dir='ltr'>ἒ.</span> <span class='ocrx_word' id='word_1_197' title='bbox 1955 1039 2132 1074; x_wconf 71' lang='lat' dir='ltr'>Katerine</span> <span class='ocrx_word' id='word_1_198' title='bbox 2156 1050 2255 1074; x_wconf 75' lang='lat' dir='ltr'>anm)</span> 
     </span>
     <span class='ocr_line' id='line_1_17' title="bbox 319 1093 2255 1144; baseline 0.003 -16"><span class='ocrx_word' id='word_1_199' title='bbox 319 1093 526 1128; x_wconf 79' lang='lat' dir='ltr'><em>MCCXH’</em></span> <span class='ocrx_word' id='word_1_200' title='bbox 544 1096 631 1136; x_wconf 88' lang='lat' dir='ltr'>(non</span> <span class='ocrx_word' id='word_1_201' title='bbox 648 1095 751 1139; x_wconf 87' lang='lat' dir='ltr'>XIV)</span> <span class='ocrx_word' id='word_1_202' title='bbox 768 1096 811 1129; x_wconf 85' lang='lat' dir='ltr'>ab</span> <span class='ocrx_word' id='word_1_203' title='bbox 828 1095 1078 1130; x_wconf 72' lang='lat' dir='ltr'>incarnatione</span> <span class='ocrx_word' id='word_1_204' title='bbox 1095 1095 1241 1138; x_wconf 66' lang='lat' dir='ltr'>dommi,</span> <span class='ocrx_word' id='word_1_205' title='bbox 1264 1096 1329 1141; x_wconf 92' lang='lat' dir='ltr'>qui</span> <span class='ocrx_word' id='word_1_206' title='bbox 1352 1096 1456 1132; x_wconf 91' lang='lat' dir='ltr'>locus</span> <span class='ocrx_word' id='word_1_207' title='bbox 1480 1097 1546 1132; x_wconf 91' lang='lat' dir='ltr'>ubi</span> <span class='ocrx_word' id='word_1_208' title='bbox 1569 1097 1682 1133; x_wconf 89' lang='lat' dir='ltr'>fuerit</span> <span class='ocrx_word' id='word_1_209' title='bbox 1701 1098 1759 1141; x_wconf 90' lang='lat' dir='ltr'>(de</span> <span class='ocrx_word' id='word_1_210' title='bbox 1778 1099 1928 1144; x_wconf 88' lang='lat' dir='ltr'>Agunto</span> <span class='ocrx_word' id='word_1_211' title='bbox 1946 1097 2076 1133; x_wconf 86' lang='lat' dir='ltr'>Norici</span> <span class='ocrx_word' id='word_1_212' title='bbox 2093 1097 2255 1133; x_wconf 89' lang='lat' dir='ltr'>Clossius</span> 
     </span>
     <span class='ocr_line' id='line_1_18' title="bbox 319 1150 2254 1200; baseline 0.002 -14"><span class='ocrx_word' id='word_1_213' title='bbox 319 1150 512 1196; x_wconf 84' lang='lat' dir='ltr'>cogitavit,</span> <span class='ocrx_word' id='word_1_214' title='bbox 539 1151 583 1187; x_wconf 88' lang='lat' dir='ltr'>de</span> <span class='ocrx_word' id='word_1_215' title='bbox 601 1152 797 1198; x_wconf 85' lang='lat' dir='ltr'>Montaigu</span> <span class='ocrx_word' id='word_1_216' title='bbox 815 1152 962 1189; x_wconf 85' lang='lat' dir='ltr'>Galliae</span> <span class='ocrx_word' id='word_1_217' title='bbox 978 1153 1194 1197; x_wconf 85' lang='lat' dir='ltr'>Haenelius)</span> <span class='ocrx_word' id='word_1_218' title='bbox 1213 1153 1386 1198; x_wconf 86' lang='lat' dir='ltr'>equidem</span> <span class='ocrx_word' id='word_1_219' title='bbox 1403 1153 1543 1200; x_wconf 85' lang='lat' dir='ltr'>ignoro.</span> <span class='ocrx_word' id='word_1_220' title='bbox 1588 1154 1638 1190; x_wconf 91' lang='lat' dir='ltr'>De</span> <span class='ocrx_word' id='word_1_221' title='bbox 1665 1154 1806 1200; x_wconf 85' lang='lat' dir='ltr'>origine</span> <span class='ocrx_word' id='word_1_222' title='bbox 1833 1154 1972 1190; x_wconf 85' lang='lat' dir='ltr'>codicis</span> <span class='ocrx_word' id='word_1_223' title='bbox 1997 1167 2082 1190; x_wconf 90' lang='lat' dir='ltr'>cum</span> <span class='ocrx_word' id='word_1_224' title='bbox 2101 1153 2254 1190; x_wconf 84' lang='lat' dir='ltr'>aliunde</span> 
     </span>
     <span class='ocr_line' id='line_1_19' title="bbox 317 1210 2252 1259; baseline 0.002 -16"><span class='ocrx_word' id='word_1_225' title='bbox 317 1221 390 1243; x_wconf 90' lang='lat' dir='ltr'>non</span> <span class='ocrx_word' id='word_1_226' title='bbox 424 1211 584 1250; x_wconf 84' lang='lat' dir='ltr'>constet,</span> <span class='ocrx_word' id='word_1_227' title='bbox 622 1210 829 1254; x_wconf 83' lang='lat' dir='ltr'>scripturae</span> <span class='ocrx_word' id='word_1_228' title='bbox 864 1213 1059 1256; x_wconf 81' lang='lat' dir='ltr'>corruptae</span> <span class='ocrx_word' id='word_1_229' title='bbox 1094 1211 1205 1255; x_wconf 70' lang='lat' dir='ltr'>(iusta</span> <span class='ocrx_word' id='word_1_230' title='bbox 1231 1227 1273 1240; x_wconf 64' lang='grc' dir='ltr'><strong>Ξ</strong></span> <span class='ocrx_word' id='word_1_231' title='bbox 1299 1211 1406 1247; x_wconf 80' lang='lat' dir='ltr'>iuxta</span> <span class='ocrx_word' id='word_1_232' title='bbox 1433 1213 1462 1254; x_wconf 87' lang='lat'>1,</span> <span class='ocrx_word' id='word_1_233' title='bbox 1478 1212 1587 1253; x_wconf 83' lang='lat'>6,1·2;</span> <span class='ocrx_word' id='word_1_234' title='bbox 1626 1213 1788 1247; x_wconf 66' lang='lat' dir='ltr'>subi-estio</span> <span class='ocrx_word' id='word_1_235' title='bbox 1814 1229 1857 1242; x_wconf 96' lang='lat'>=</span> <span class='ocrx_word' id='word_1_236' title='bbox 1883 1211 2074 1259; x_wconf 85' lang='lat' dir='ltr'>suggestio</span> <span class='ocrx_word' id='word_1_237' title='bbox 2107 1213 2137 1253; x_wconf 91' lang='lat'>1,</span> <span class='ocrx_word' id='word_1_238' title='bbox 2153 1212 2206 1254; x_wconf 91' lang='lat'>10,</span> <span class='ocrx_word' id='word_1_239' title='bbox 2220 1212 2252 1247; x_wconf 88' lang='lat'>8.</span> 
     </span>
     <span class='ocr_line' id='line_1_20' title="bbox 320 1267 2255 1316; baseline 0.001 -14"><span class='ocrx_word' id='word_1_240' title='bbox 320 1267 466 1308; x_wconf 72' lang='lat'>1,15‚3)</span> <span class='ocrx_word' id='word_1_241' title='bbox 491 1268 539 1302; x_wconf 92' lang='lat' dir='ltr'>ad</span> <span class='ocrx_word' id='word_1_242' title='bbox 563 1267 715 1303; x_wconf 88' lang='lat' dir='ltr'>Italiam</span> <span class='ocrx_word' id='word_1_243' title='bbox 740 1268 975 1314; x_wconf 87' lang='lat' dir='ltr'>potissimum</span> <span class='ocrx_word' id='word_1_244' title='bbox 1001 1269 1152 1305; x_wconf 83' lang='lat' dir='ltr'>ducunt.</span> <span class='ocrx_word' id='word_1_245' title='bbox 1203 1269 1464 1305; x_wconf 84' lang='lat' dir='ltr'>Theodosiana</span> <span class='ocrx_word' id='word_1_246' title='bbox 1494 1270 1605 1305; x_wconf 88' lang='lat' dir='ltr'>huius</span> <span class='ocrx_word' id='word_1_247' title='bbox 1641 1270 1728 1306; x_wconf 89' lang='lat' dir='ltr'>libri</span> <span class='ocrx_word' id='word_1_248' title='bbox 1758 1271 1908 1316; x_wconf 88' lang='lat' dir='ltr'>reperta</span> <span class='ocrx_word' id='word_1_249' title='bbox 1939 1282 1961 1305; x_wconf 90' lang='lat' dir='ltr'>a</span> <span class='ocrx_word' id='word_1_250' title='bbox 1986 1281 2023 1306; x_wconf 89' lang='lat' dir='ltr'>se</span> <span class='ocrx_word' id='word_1_251' title='bbox 2049 1281 2081 1305; x_wconf 87' lang='lat' dir='ltr'>a.</span> <span class='ocrx_word' id='word_1_252' title='bbox 2101 1269 2191 1305; x_wconf 85' lang='lat'>1820</span> <span class='ocrx_word' id='word_1_253' title='bbox 2216 1271 2255 1304; x_wconf 87' lang='lat' dir='ltr'>et</span> 
     </span>
     <span class='ocr_line' id='line_1_21' title="bbox 317 1324 2254 1374; baseline 0.002 -16"><span class='ocrx_word' id='word_1_254' title='bbox 317 1324 518 1370; x_wconf 81' lang='lat' dir='ltr'>diligenter</span> <span class='ocrx_word' id='word_1_255' title='bbox 546 1328 584 1361; x_wconf 88' lang='lat' dir='ltr'>et</span> <span class='ocrx_word' id='word_1_256' title='bbox 612 1326 721 1371; x_wconf 88' lang='lat' dir='ltr'>plene</span> <span class='ocrx_word' id='word_1_257' title='bbox 752 1327 941 1372; x_wconf 88' lang='lat' dir='ltr'>descripta</span> <span class='ocrx_word' id='word_1_258' title='bbox 972 1327 1090 1363; x_wconf 85' lang='lat' dir='ltr'>edidit</span> <span class='ocrx_word' id='word_1_259' title='bbox 1116 1328 1258 1363; x_wconf 87' lang='lat' dir='ltr'>Walth.</span> <span class='ocrx_word' id='word_1_260' title='bbox 1308 1327 1406 1362; x_wconf 88' lang='lat' dir='ltr'>Frid.</span> <span class='ocrx_word' id='word_1_261' title='bbox 1433 1327 1593 1363; x_wconf 90' lang='lat' dir='ltr'>Clossius</span> <span class='ocrx_word' id='word_1_262' title='bbox 1625 1327 1888 1372; x_wconf 89' lang='lat' dir='ltr'>(Theodosiani</span> <span class='ocrx_word' id='word_1_263' title='bbox 1923 1327 2061 1364; x_wconf 89' lang='lat' dir='ltr'>codicis</span> <span class='ocrx_word' id='word_1_264' title='bbox 2091 1327 2254 1374; x_wconf 87' lang='lat' dir='ltr'>genuina</span> 
     </span>
     <span class='ocr_line' id='line_1_22' title="bbox 316 1382 2254 1431; baseline 0.002 -15"><span class='ocrx_word' id='word_1_265' title='bbox 316 1382 528 1427; x_wconf 85' lang='lat' dir='ltr'>fragmenta</span> <span class='ocrx_word' id='word_1_266' title='bbox 563 1395 608 1418; x_wconf 83' lang='lat' dir='ltr'>ex</span> <span class='ocrx_word' id='word_1_267' title='bbox 638 1383 862 1419; x_wconf 85' lang='lat' dir='ltr'>membranis</span> <span class='ocrx_word' id='word_1_268' title='bbox 896 1383 1151 1420; x_wconf 85' lang='lat' dir='ltr'>bibliothecae</span> <span class='ocrx_word' id='word_1_269' title='bbox 1187 1384 1457 1420; x_wconf 85' lang='lat' dir='ltr'>Ambrosianae</span> <span class='ocrx_word' id='word_1_270' title='bbox 1487 1384 1776 1421; x_wconf 87' lang='lat' dir='ltr'>Mediolanensis</span> <span class='ocrx_word' id='word_1_271' title='bbox 1807 1398 1904 1421; x_wconf 88' lang='lat' dir='ltr'>nunc</span> <span class='ocrx_word' id='word_1_272' title='bbox 1939 1385 2102 1431; x_wconf 87' lang='lat' dir='ltr'>primum</span> <span class='ocrx_word' id='word_1_273' title='bbox 2135 1384 2254 1420; x_wconf 86' lang='lat' dir='ltr'>edidit</span> 
     </span>
     <span class='ocr_line' id='line_1_23' title="bbox 317 1439 2253 1488; baseline 0.003 -16"><span class='ocrx_word' id='word_1_274' title='bbox 317 1439 375 1473; x_wconf 88' lang='lat' dir='ltr'>W.</span> <span class='ocrx_word' id='word_1_275' title='bbox 394 1439 433 1473; x_wconf 82' lang='lat' dir='ltr'>F.</span> <span class='ocrx_word' id='word_1_276' title='bbox 453 1439 506 1476; x_wconf 88' lang='lat' dir='ltr'>Cl.</span> <span class='ocrx_word' id='word_1_277' title='bbox 531 1440 726 1487; x_wconf 88' lang='lat' dir='ltr'>Tubingae</span> <span class='ocrx_word' id='word_1_278' title='bbox 747 1441 845 1476; x_wconf 76' lang='grc'><strong>1824.</strong></span> <span class='ocrx_word' id='word_1_279' title='bbox 864 1441 908 1486; x_wconf 88' lang='grc'>8).</span> <span class='ocrx_word' id='word_1_280' title='bbox 951 1442 1103 1477; x_wconf 85' lang='lat' dir='ltr'>Librum</span> <span class='ocrx_word' id='word_1_281' title='bbox 1128 1445 1215 1488; x_wconf 88' lang='lat' dir='ltr'>post</span> <span class='ocrx_word' id='word_1_282' title='bbox 1240 1455 1323 1478; x_wconf 88' lang='lat' dir='ltr'>eum</span> <span class='ocrx_word' id='word_1_283' title='bbox 1348 1442 1632 1488; x_wconf 86' lang='lat' dir='ltr'>recognovimus</span> <span class='ocrx_word' id='word_1_284' title='bbox 1658 1443 1819 1480; x_wconf 82' lang='lat' dir='ltr'>editores</span> <span class='ocrx_word' id='word_1_285' title='bbox 1842 1443 2093 1479; x_wconf 85' lang='lat' dir='ltr'>Theodosiani</span> <span class='ocrx_word' id='word_1_286' title='bbox 2109 1443 2253 1479; x_wconf 87' lang='lat' dir='ltr'>Haenel</span> 
     </span>
     <span class='ocr_line' id='line_1_24' title="bbox 317 1497 1718 1547; baseline 0.001 -14"><span class='ocrx_word' id='word_1_287' title='bbox 317 1500 356 1533; x_wconf 88' lang='lat' dir='ltr'>et</span> <span class='ocrx_word' id='word_1_288' title='bbox 373 1497 506 1534; x_wconf 86' lang='lat' dir='ltr'>Vesme</span> <span class='ocrx_word' id='word_1_289' title='bbox 532 1500 570 1534; x_wconf 90' lang='lat' dir='ltr'>et</span> <span class='ocrx_word' id='word_1_290' title='bbox 596 1511 628 1534; x_wconf 87' lang='lat' dir='ltr'>a.</span> <span class='ocrx_word' id='word_1_291' title='bbox 650 1499 770 1543; x_wconf 52' lang='lat'>18681‘9</span> <span class='ocrx_word' id='word_1_292' title='bbox 797 1499 936 1534; x_wconf 88' lang='lat' dir='ltr'>Paulus</span> <span class='ocrx_word' id='word_1_293' title='bbox 963 1500 1129 1545; x_wconf 87' lang='lat' dir='ltr'>Krueger</span> <span class='ocrx_word' id='word_1_294' title='bbox 1153 1503 1278 1536; x_wconf 86' lang='lat' dir='ltr'>noster</span> <span class='ocrx_word' id='word_1_295' title='bbox 1302 1502 1340 1536; x_wconf 92' lang='lat' dir='ltr'>et</span> <span class='ocrx_word' id='word_1_296' title='bbox 1366 1512 1398 1535; x_wconf 88' lang='lat' dir='ltr'>a.</span> <span class='ocrx_word' id='word_1_297' title='bbox 1418 1500 1506 1535; x_wconf 85' lang='lat'>1899</span> <span class='ocrx_word' id='word_1_298' title='bbox 1533 1501 1613 1545; x_wconf 90' lang='lat' dir='ltr'>ipse</span> <span class='ocrx_word' id='word_1_299' title='bbox 1638 1513 1718 1547; x_wconf 84' lang='lat' dir='ltr'>ego.</span> 
     </span>
    </p>

    <p class='ocr_par' dir='ltr' id='par_1_3' title="bbox 317 1556 2253 1718">
     <span class='ocr_line' id='line_1_25' title="bbox 432 1556 2253 1604; baseline 0.002 -14"><span class='ocrx_word' id='word_1_300' title='bbox 432 1556 702 1602; x_wconf 69' lang='lat' dir='ltr'>Archetypum,</span> <span class='ocrx_word' id='word_1_301' title='bbox 737 1556 840 1592; x_wconf 89' lang='lat' dir='ltr'>cuius</span> <span class='ocrx_word' id='word_1_302' title='bbox 872 1557 999 1593; x_wconf 88' lang='lat' dir='ltr'>mutili</span> <span class='ocrx_word' id='word_1_303' title='bbox 1022 1558 1115 1593; x_wconf 83' lang='lat' dir='ltr'>sacti</span> <span class='ocrx_word' id='word_1_304' title='bbox 1141 1561 1287 1603; x_wconf 89' lang='lat' dir='ltr'>partem</span> <span class='ocrx_word' id='word_1_305' title='bbox 1312 1558 1471 1604; x_wconf 87' lang='lat' dir='ltr'>primam</span> <span class='ocrx_word' id='word_1_306' title='bbox 1499 1559 1612 1594; x_wconf 85' lang='lat' dir='ltr'>codex</span> <span class='ocrx_word' id='word_1_307' title='bbox 1638 1558 1819 1602; x_wconf 86' lang='lat' dir='ltr'>servavit,</span> <span class='ocrx_word' id='word_1_308' title='bbox 1854 1558 2082 1595; x_wconf 89' lang='lat' dir='ltr'>breviarium</span> <span class='ocrx_word' id='word_1_309' title='bbox 2106 1570 2253 1604; x_wconf 89' lang='lat' dir='ltr'>reprae-</span> 
     </span>
     <span class='ocr_line' id='line_1_26' title="bbox 317 1615 2253 1662; baseline 0.001 -13"><span class='ocrx_word' id='word_1_310' title='bbox 317 1615 481 1650; x_wconf 83' lang='lat' dir='ltr'>sentavit</span> <span class='ocrx_word' id='word_1_311' title='bbox 507 1615 806 1661; x_wconf 85' lang='lat' dir='ltr'>compendiatum</span> <span class='ocrx_word' id='word_1_312' title='bbox 834 1616 882 1652; x_wconf 87' lang='lat' dir='ltr'>ad</span> <span class='ocrx_word' id='word_1_313' title='bbox 906 1617 1063 1652; x_wconf 89' lang='lat' dir='ltr'>formam</span> <span class='ocrx_word' id='word_1_314' title='bbox 1086 1616 1245 1659; x_wconf 85' lang='lat' dir='ltr'>Alarici,</span> <span class='ocrx_word' id='word_1_315' title='bbox 1271 1618 1335 1653; x_wconf 87' lang='lat' dir='ltr'>sed</span> <span class='ocrx_word' id='word_1_316' title='bbox 1360 1620 1512 1653; x_wconf 88' lang='lat' dir='ltr'>auctum</span> <span class='ocrx_word' id='word_1_317' title='bbox 1537 1629 1581 1652; x_wconf 86' lang='lat' dir='ltr'>ex</span> <span class='ocrx_word' id='word_1_318' title='bbox 1607 1615 1857 1653; x_wconf 87' lang='lat' dir='ltr'>Theodosiani</span> <span class='ocrx_word' id='word_1_319' title='bbox 1883 1616 2021 1662; x_wconf 85' lang='lat' dir='ltr'>integri</span> <span class='ocrx_word' id='word_1_320' title='bbox 2046 1615 2253 1661; x_wconf 82' lang='lat' dir='ltr'>exemplari</span> 
     </span>
     <span class='ocr_line' id='line_1_27' title="bbox 317 1672 1572 1718; baseline 0.003 -12"><span class='ocrx_word' id='word_1_321' title='bbox 317 1672 535 1718; x_wconf 88' lang='lat' dir='ltr'>imperfecto</span> <span class='ocrx_word' id='word_1_322' title='bbox 561 1673 714 1710; x_wconf 87' lang='lat' dir='ltr'>finiente</span> <span class='ocrx_word' id='word_1_323' title='bbox 739 1674 895 1710; x_wconf 87' lang='lat' dir='ltr'>fortasse</span> <span class='ocrx_word' id='word_1_324' title='bbox 925 1676 953 1716; x_wconf 88' lang='lat'>1,</span> <span class='ocrx_word' id='word_1_325' title='bbox 972 1675 1022 1716; x_wconf 91' lang='lat'>16,</span> <span class='ocrx_word' id='word_1_326' title='bbox 1038 1677 1069 1709; x_wconf 89' lang='grc'>5.</span> <span class='ocrx_word' id='word_1_327' title='bbox 1121 1675 1368 1711; x_wconf 79' lang='lat' dir='ltr'>Continentur</span> <span class='ocrx_word' id='word_1_328' title='bbox 1394 1686 1437 1711; x_wconf 87' lang='lat' dir='ltr'>eo</span> <span class='ocrx_word' id='word_1_329' title='bbox 1463 1675 1572 1710; x_wconf 89' lang='lat' dir='ltr'>haec:</span> 
     </span>
    </p>
   </div>
   <div class='ocr_carea' id='block_1_3' title="bbox 350 1741 2253 3109">
    <p class='ocr_par' dir='ltr' id='par_1_4' title="bbox 356 1741 2252 1839">
     <span class='ocr_line' id='line_1_28' title="bbox 356 1741 2252 1790; baseline 0 -13"><span class='ocrx_word' id='word_1_330' title='bbox 356 1743 383 1777; x_wconf 91' lang='grc'>1.</span> <span class='ocrx_word' id='word_1_331' title='bbox 411 1742 525 1778; x_wconf 84' lang='lat' dir='ltr'>Gesta</span> <span class='ocrx_word' id='word_1_332' title='bbox 551 1746 700 1779; x_wconf 87' lang='lat' dir='ltr'>senatus</span> <span class='ocrx_word' id='word_1_333' title='bbox 728 1744 771 1780; x_wconf 87' lang='lat' dir='ltr'>de</span> <span class='ocrx_word' id='word_1_334' title='bbox 797 1744 1026 1790; x_wconf 88' lang='lat' dir='ltr'>publicando</span> <span class='ocrx_word' id='word_1_335' title='bbox 1053 1745 1179 1780; x_wconf 87' lang='lat' dir='ltr'>codice</span> <span class='ocrx_word' id='word_1_336' title='bbox 1206 1744 1465 1781; x_wconf 86' lang='lat' dir='ltr'>Theodosiano</span> <span class='ocrx_word' id='word_1_337' title='bbox 1491 1757 1522 1780; x_wconf 84' lang='lat' dir='ltr'>a.</span> <span class='ocrx_word' id='word_1_338' title='bbox 1541 1745 1609 1780; x_wconf 80' lang='grc'>438</span> <span class='ocrx_word' id='word_1_339' title='bbox 1641 1757 1724 1780; x_wconf 84' lang='grc'><strong>011111</strong></span> <span class='ocrx_word' id='word_1_340' title='bbox 1760 1743 2035 1790; x_wconf 84' lang='lat' dir='ltr'>subscriptione</span> <span class='ocrx_word' id='word_1_341' title='bbox 2060 1741 2252 1779; x_wconf 87' lang='lat' dir='ltr'>Laurentii</span> 
     </span>
     <span class='ocr_line' id='line_1_29' title="bbox 409 1799 2252 1839; baseline 0.001 -5"><span class='ocrx_word' id='word_1_342' title='bbox 409 1799 552 1836; x_wconf 83' lang='lat' dir='ltr'>scribae</span> <span class='ocrx_word' id='word_1_343' title='bbox 570 1804 609 1836; x_wconf 89' lang='lat' dir='ltr'>et</span> <span class='ocrx_word' id='word_1_344' title='bbox 627 1802 894 1838; x_wconf 87' lang='lat' dir='ltr'>constitutione</span> <span class='ocrx_word' id='word_1_345' title='bbox 912 1802 957 1838; x_wconf 88' lang='lat' dir='ltr'>de</span> <span class='ocrx_word' id='word_1_346' title='bbox 976 1801 1102 1838; x_wconf 90' lang='lat' dir='ltr'>codice</span> <span class='ocrx_word' id='word_1_347' title='bbox 1122 1802 1364 1839; x_wconf 88' lang='lat' dir='ltr'>describendo</span> <span class='ocrx_word' id='word_1_348' title='bbox 1383 1803 1473 1838; x_wconf 84' lang='lat' dir='ltr'>data</span> <span class='ocrx_word' id='word_1_349' title='bbox 1495 1815 1527 1838; x_wconf 86' lang='lat' dir='ltr'>a.</span> <span class='ocrx_word' id='word_1_350' title='bbox 1541 1803 1610 1838; x_wconf 81' lang='lat'>443</span> <span class='ocrx_word' id='word_1_351' title='bbox 1627 1802 1666 1837; x_wconf 92' lang='lat' dir='ltr'>in</span> <span class='ocrx_word' id='word_1_352' title='bbox 1683 1803 1755 1838; x_wconf 89' lang='lat' dir='ltr'>hoc</span> <span class='ocrx_word' id='word_1_353' title='bbox 1776 1802 1854 1837; x_wconf 89' lang='lat' dir='ltr'>solo</span> <span class='ocrx_word' id='word_1_354' title='bbox 1872 1801 1968 1837; x_wconf 89' lang='lat' dir='ltr'>libro</span> <span class='ocrx_word' id='word_1_355' title='bbox 1986 1803 2136 1837; x_wconf 85' lang='lat' dir='ltr'>servata</span> <span class='ocrx_word' id='word_1_356' title='bbox 2154 1802 2252 1836; x_wconf 89' lang='lat' dir='ltr'>sunt.</span> 
     </span>
    </p>

    <p class='ocr_par' dir='ltr' id='par_1_5' title="bbox 353 1858 1874 1906">
     <span class='ocr_line' id='line_1_30' title="bbox 353 1858 1874 1906; baseline 0.003 -15"><span class='ocrx_word' id='word_1_357' title='bbox 353 1858 383 1892; x_wconf 81' lang='lat'>2.</span> <span class='ocrx_word' id='word_1_358' title='bbox 411 1858 612 1893; x_wconf 86' lang='lat' dir='ltr'>Theodosii</span> <span class='ocrx_word' id='word_1_359' title='bbox 636 1859 786 1895; x_wconf 85' lang='lat' dir='ltr'>novella</span> <span class='ocrx_word' id='word_1_360' title='bbox 812 1860 933 1906; x_wconf 88' lang='lat' dir='ltr'>prima</span> <span class='ocrx_word' id='word_1_361' title='bbox 958 1860 1142 1906; x_wconf 87' lang='lat' dir='ltr'>iuscripta</span> <span class='ocrx_word' id='word_1_362' title='bbox 1167 1861 1208 1896; x_wconf 81' lang='lat' dir='ltr'>(Ie</span> <span class='ocrx_word' id='word_1_363' title='bbox 1238 1861 1477 1896; x_wconf 75' lang='lat' dir='ltr'>Theodosiani</span> <span class='ocrx_word' id='word_1_364' title='bbox 1501 1860 1629 1896; x_wconf 79' lang='lat' dir='ltr'>codicis</span> <span class='ocrx_word' id='word_1_365' title='bbox 1653 1861 1874 1896; x_wconf 77' lang='lat' dir='ltr'>auctoritate.</span> 
     </span>
    </p>

    <p class='ocr_par' dir='ltr' id='par_1_6' title="bbox 352 1915 2253 2483">
     <span class='ocr_line' id='line_1_31' title="bbox 352 1915 2252 1965; baseline 0.001 -15"><span class='ocrx_word' id='word_1_366' title='bbox 352 1916 383 1950; x_wconf 77' lang='lat'>3.</span> <span class='ocrx_word' id='word_1_367' title='bbox 410 1916 529 1951; x_wconf 85' lang='lat' dir='ltr'>Indici</span> <span class='ocrx_word' id='word_1_368' title='bbox 560 1917 791 1953; x_wconf 81' lang='lat' dir='ltr'>rubricarum</span> <span class='ocrx_word' id='word_1_369' title='bbox 815 1922 1011 1964; x_wconf 83' lang='lat' dir='ltr'>praeterea</span> <span class='ocrx_word' id='word_1_370' title='bbox 1036 1921 1185 1964; x_wconf 88' lang='lat' dir='ltr'>sumpto</span> <span class='ocrx_word' id='word_1_371' title='bbox 1217 1931 1261 1955; x_wconf 82' lang='lat' dir='ltr'>ex</span> <span class='ocrx_word' id='word_1_372' title='bbox 1286 1919 1472 1955; x_wconf 88' lang='lat' dir='ltr'>breviario</span> <span class='ocrx_word' id='word_1_373' title='bbox 1503 1919 1543 1954; x_wconf 91' lang='lat' dir='ltr'>in</span> <span class='ocrx_word' id='word_1_374' title='bbox 1567 1919 1663 1954; x_wconf 89' lang='lat' dir='ltr'>libro</span> <span class='ocrx_word' id='word_1_375' title='bbox 1688 1918 1809 1965; x_wconf 89' lang='lat' dir='ltr'>primo</span> <span class='ocrx_word' id='word_1_376' title='bbox 1840 1917 1938 1954; x_wconf 87' lang='lat' dir='ltr'>inter</span> <span class='ocrx_word' id='word_1_377' title='bbox 1963 1917 2042 1954; x_wconf 89' lang='lat' dir='ltr'>eius</span> <span class='ocrx_word' id='word_1_378' title='bbox 2065 1915 2252 1952; x_wconf 88' lang='lat' dir='ltr'>rubricam</span> 
     </span>
     <span class='ocr_line' id='line_1_32' title="bbox 409 1973 2252 2022; baseline 0 -13"><span class='ocrx_word' id='word_1_379' title='bbox 409 1974 580 2019; x_wconf 88' lang='lat' dir='ltr'>quintam</span> <span class='ocrx_word' id='word_1_380' title='bbox 609 1975 651 2010; x_wconf 82' lang='lat' dir='ltr'>de</span> <span class='ocrx_word' id='word_1_381' title='bbox 680 1977 798 2021; x_wconf 78' lang='lat' dir='ltr'>officio</span> <span class='ocrx_word' id='word_1_382' title='bbox 828 1978 1092 2022; x_wconf 73' lang='lat' dir='ltr'>praefectorum</span> <span class='ocrx_word' id='word_1_383' title='bbox 1118 1978 1302 2022; x_wconf 76' lang='lat' dir='ltr'>praetorio</span> <span class='ocrx_word' id='word_1_384' title='bbox 1333 1980 1371 2012; x_wconf 84' lang='lat' dir='ltr'>et</span> <span class='ocrx_word' id='word_1_385' title='bbox 1400 1981 1543 2014; x_wconf 78' lang='lat' dir='ltr'>sextam</span> <span class='ocrx_word' id='word_1_386' title='bbox 1570 1977 1612 2012; x_wconf 82' lang='lat' dir='ltr'>de</span> <span class='ocrx_word' id='word_1_387' title='bbox 1643 1976 1762 2020; x_wconf 71' lang='lat' dir='ltr'>officio</span> <span class='ocrx_word' id='word_1_388' title='bbox 1791 1975 1937 2011; x_wconf 79' lang='lat' dir='ltr'>rectoris</span> <span class='ocrx_word' id='word_1_389' title='bbox 1963 1974 2170 2019; x_wconf 75' lang='lat' dir='ltr'>provinciae</span> <span class='ocrx_word' id='word_1_390' title='bbox 2199 1973 2252 2009; x_wconf 90' lang='lat' dir='ltr'>in-</span> 
     </span>
     <span class='ocr_line' id='line_1_33' title="bbox 410 2032 2253 2081; baseline -0.001 -14"><span class='ocrx_word' id='word_1_391' title='bbox 410 2035 581 2068; x_wconf 85' lang='lat' dir='ltr'>seruntur</span> <span class='ocrx_word' id='word_1_392' title='bbox 612 2033 781 2070; x_wconf 83' lang='lat' dir='ltr'>rubricae</span> <span class='ocrx_word' id='word_1_393' title='bbox 807 2046 940 2070; x_wconf 86' lang='lat' dir='ltr'>novem</span> <span class='ocrx_word' id='word_1_394' title='bbox 971 2034 1009 2069; x_wconf 89' lang='lat' dir='ltr'>in</span> <span class='ocrx_word' id='word_1_395' title='bbox 1035 2034 1157 2070; x_wconf 86' lang='lat' dir='ltr'>indice</span> <span class='ocrx_word' id='word_1_396' title='bbox 1182 2037 1307 2070; x_wconf 90' lang='lat' dir='ltr'>nostro</span> <span class='ocrx_word' id='word_1_397' title='bbox 1340 2047 1374 2080; x_wconf 90' lang='lat' dir='ltr'>p.</span> <span class='ocrx_word' id='word_1_398' title='bbox 1394 2036 1425 2070; x_wconf 89' lang='lat'>5.</span> <span class='ocrx_word' id='word_1_399' title='bbox 1443 2035 1464 2070; x_wconf 87' lang='grc'>6</span> <span class='ocrx_word' id='word_1_400' title='bbox 1489 2035 1660 2081; x_wconf 83' lang='lat' dir='ltr'>signatae</span> <span class='ocrx_word' id='word_1_401' title='bbox 1691 2033 1853 2069; x_wconf 88' lang='lat' dir='ltr'>numeris</span> <span class='ocrx_word' id='word_1_402' title='bbox 1879 2034 1900 2068; x_wconf 88' lang='lat'>6</span> <span class='ocrx_word' id='word_1_403' title='bbox 1931 2033 1972 2068; x_wconf 80' lang='lat' dir='ltr'>de</span> <span class='ocrx_word' id='word_1_404' title='bbox 2003 2032 2121 2076; x_wconf 68' lang='lat' dir='ltr'>officio</span> <span class='ocrx_word' id='word_1_405' title='bbox 2146 2043 2253 2076; x_wconf 74' lang='lat' dir='ltr'>prae-</span> 
     </span>
     <span class='ocr_line' id='line_1_34' title="bbox 408 2089 2252 2137; baseline -0.001 -12"><span class='ocrx_word' id='word_1_406' title='bbox 408 2090 490 2132; x_wconf 72' lang='lat' dir='ltr'>fecti</span> <span class='ocrx_word' id='word_1_407' title='bbox 514 2090 611 2125; x_wconf 77' lang='lat' dir='ltr'>urbis</span> <span class='ocrx_word' id='word_1_408' title='bbox 642 2092 689 2125; x_wconf 90' lang='lat' dir='ltr'>ad</span> <span class='ocrx_word' id='word_1_409' title='bbox 717 2092 760 2126; x_wconf 87' lang='lat'>14</span> <span class='ocrx_word' id='word_1_410' title='bbox 790 2091 832 2126; x_wconf 82' lang='lat' dir='ltr'>de</span> <span class='ocrx_word' id='word_1_411' title='bbox 863 2092 982 2135; x_wconf 69' lang='lat' dir='ltr'>officio</span> <span class='ocrx_word' id='word_1_412' title='bbox 1007 2092 1183 2136; x_wconf 73' lang='lat' dir='ltr'>praefecti</span> <span class='ocrx_word' id='word_1_413' title='bbox 1208 2092 1434 2136; x_wconf 71' lang='lat' dir='ltr'>Auyustalis,</span> <span class='ocrx_word' id='word_1_414' title='bbox 1469 2094 1665 2137; x_wconf 85' lang='lat' dir='ltr'>separatae</span> <span class='ocrx_word' id='word_1_415' title='bbox 1694 2094 1820 2127; x_wconf 87' lang='lat' dir='ltr'>tamen</span> <span class='ocrx_word' id='word_1_416' title='bbox 1845 2103 1868 2126; x_wconf 89' lang='lat' dir='ltr'>a</span> <span class='ocrx_word' id='word_1_417' title='bbox 1891 2090 2050 2126; x_wconf 85' lang='lat' dir='ltr'>rubricis</span> <span class='ocrx_word' id='word_1_418' title='bbox 2074 2089 2252 2125; x_wconf 88' lang='lat' dir='ltr'>breviarii</span> 
     </span>
     <span class='ocr_line' id='line_1_35' title="bbox 408 2147 2251 2196; baseline 0 -14"><span class='ocrx_word' id='word_1_419' title='bbox 408 2160 475 2192; x_wconf 91' lang='lat' dir='ltr'>per</span> <span class='ocrx_word' id='word_1_420' title='bbox 498 2148 704 2184; x_wconf 88' lang='lat' dir='ltr'>interstitia</span> <span class='ocrx_word' id='word_1_421' title='bbox 737 2151 775 2185; x_wconf 90' lang='lat' dir='ltr'>et</span> <span class='ocrx_word' id='word_1_422' title='bbox 806 2150 1011 2196; x_wconf 84' lang='lat' dir='ltr'>marginem</span> <span class='ocrx_word' id='word_1_423' title='bbox 1043 2149 1217 2186; x_wconf 88' lang='lat' dir='ltr'>latiorem</span> <span class='ocrx_word' id='word_1_424' title='bbox 1242 2161 1264 2184; x_wconf 89' lang='lat' dir='ltr'>a</span> <span class='ocrx_word' id='word_1_425' title='bbox 1288 2149 1441 2184; x_wconf 89' lang='lat' dir='ltr'>librario</span> <span class='ocrx_word' id='word_1_426' title='bbox 1468 2149 1659 2185; x_wconf 88' lang='lat' dir='ltr'>evidenter</span> <span class='ocrx_word' id='word_1_427' title='bbox 1683 2161 1726 2185; x_wconf 91' lang='lat' dir='ltr'>eo</span> <span class='ocrx_word' id='word_1_428' title='bbox 1755 2148 1917 2190; x_wconf 88' lang='lat' dir='ltr'>intento,</span> <span class='ocrx_word' id='word_1_429' title='bbox 1949 2151 1992 2184; x_wconf 90' lang='lat' dir='ltr'>ut</span> <span class='ocrx_word' id='word_1_430' title='bbox 2022 2148 2095 2183; x_wconf 89' lang='lat' dir='ltr'>duo</span> <span class='ocrx_word' id='word_1_431' title='bbox 2126 2147 2251 2182; x_wconf 90' lang='lat' dir='ltr'>arche-</span> 
     </span>
     <span class='ocr_line' id='line_1_36' title="bbox 409 2204 2251 2254; baseline -0.001 -14"><span class='ocrx_word' id='word_1_432' title='bbox 409 2208 504 2250; x_wconf 80' lang='lat' dir='ltr'>typa</span> <span class='ocrx_word' id='word_1_433' title='bbox 528 2217 550 2241; x_wconf 87' lang='lat' dir='ltr'>a</span> <span class='ocrx_word' id='word_1_434' title='bbox 575 2218 613 2241; x_wconf 90' lang='lat' dir='ltr'>se</span> <span class='ocrx_word' id='word_1_435' title='bbox 639 2206 812 2242; x_wconf 89' lang='lat' dir='ltr'>adhibita</span> <span class='ocrx_word' id='word_1_436' title='bbox 830 2207 1088 2254; x_wconf 82' lang='lat' dir='ltr'>distingueret.</span> <span class='ocrx_word' id='word_1_437' title='bbox 1131 2206 1317 2243; x_wconf 85' lang='lat' dir='ltr'>Rubricae</span> <span class='ocrx_word' id='word_1_438' title='bbox 1342 2208 1413 2243; x_wconf 87' lang='lat' dir='ltr'>hae</span> <span class='ocrx_word' id='word_1_439' title='bbox 1439 2219 1523 2242; x_wconf 88' lang='lat' dir='ltr'>cum</span> <span class='ocrx_word' id='word_1_440' title='bbox 1549 2206 1624 2243; x_wconf 88' lang='lat' dir='ltr'>sint</span> <span class='ocrx_word' id='word_1_441' title='bbox 1648 2218 1713 2243; x_wconf 90' lang='lat' dir='ltr'>eae</span> <span class='ocrx_word' id='word_1_442' title='bbox 1739 2206 1854 2252; x_wconf 86' lang='lat' dir='ltr'>ipsae,</span> <span class='ocrx_word' id='word_1_443' title='bbox 1881 2206 1948 2242; x_wconf 89' lang='lat' dir='ltr'>sub</span> <span class='ocrx_word' id='word_1_444' title='bbox 1966 2205 2101 2251; x_wconf 88' lang='lat' dir='ltr'>quibus</span> <span class='ocrx_word' id='word_1_445' title='bbox 2118 2204 2251 2240; x_wconf 87' lang='lat' dir='ltr'>deinde</span> 
     </span>
     <span class='ocr_line' id='line_1_37' title="bbox 409 2261 2252 2309; baseline 0.001 -12"><span class='ocrx_word' id='word_1_446' title='bbox 409 2263 584 2299; x_wconf 85' lang='lat' dir='ltr'>librarius</span> <span class='ocrx_word' id='word_1_447' title='bbox 610 2264 762 2300; x_wconf 80' lang='lat' dir='ltr'>exhibet</span> <span class='ocrx_word' id='word_1_448' title='bbox 789 2265 1075 2301; x_wconf 87' lang='lat' dir='ltr'>constitutiones</span> <span class='ocrx_word' id='word_1_449' title='bbox 1100 2265 1138 2300; x_wconf 91' lang='lat' dir='ltr'>in</span> <span class='ocrx_word' id='word_1_450' title='bbox 1161 2265 1396 2300; x_wconf 86' lang='lat' dir='ltr'>Breviarium</span> <span class='ocrx_word' id='word_1_451' title='bbox 1420 2276 1491 2300; x_wconf 87' lang='lat' dir='ltr'>non</span> <span class='ocrx_word' id='word_1_452' title='bbox 1517 2265 1657 2300; x_wconf 87' lang='lat' dir='ltr'>relatas</span> <span class='ocrx_word' id='word_1_453' title='bbox 1681 2263 1765 2309; x_wconf 83' lang='lat' dir='ltr'>(nisi</span> <span class='ocrx_word' id='word_1_454' title='bbox 1791 2264 1890 2308; x_wconf 88' lang='lat' dir='ltr'>quod</span> <span class='ocrx_word' id='word_1_455' title='bbox 1914 2262 2042 2299; x_wconf 90' lang='lat' dir='ltr'>deficit</span> <span class='ocrx_word' id='word_1_456' title='bbox 2064 2262 2103 2297; x_wconf 90' lang='lat' dir='ltr'>in</span> <span class='ocrx_word' id='word_1_457' title='bbox 2128 2261 2252 2298; x_wconf 86' lang='lat' dir='ltr'>indice</span> 
     </span>
     <span class='ocr_line' id='line_1_38' title="bbox 409 2319 2250 2368; baseline -0.001 -13"><span class='ocrx_word' id='word_1_458' title='bbox 409 2332 495 2356; x_wconf 84' lang='lat' dir='ltr'>casu</span> <span class='ocrx_word' id='word_1_459' title='bbox 520 2321 667 2357; x_wconf 86' lang='lat' dir='ltr'>omnino</span> <span class='ocrx_word' id='word_1_460' title='bbox 688 2323 728 2357; x_wconf 90' lang='grc'>15</span> <span class='ocrx_word' id='word_1_461' title='bbox 746 2322 786 2357; x_wconf 78' lang='lat' dir='ltr'>de</span> <span class='ocrx_word' id='word_1_462' title='bbox 802 2323 920 2366; x_wconf 77' lang='lat' dir='ltr'>officio</span> <span class='ocrx_word' id='word_1_463' title='bbox 937 2323 1088 2367; x_wconf 70' lang='lat' dir='ltr'>vicarii),</span> <span class='ocrx_word' id='word_1_464' title='bbox 1115 2322 1362 2368; x_wconf 85' lang='lat' dir='ltr'>desumpserit</span> <span class='ocrx_word' id='word_1_465' title='bbox 1387 2334 1450 2358; x_wconf 88' lang='lat' dir='ltr'>eas</span> <span class='ocrx_word' id='word_1_466' title='bbox 1471 2333 1618 2358; x_wconf 89' lang='lat' dir='ltr'>necesse</span> <span class='ocrx_word' id='word_1_467' title='bbox 1640 2324 1697 2357; x_wconf 88' lang='lat' dir='ltr'>est</span> <span class='ocrx_word' id='word_1_468' title='bbox 1715 2333 1758 2357; x_wconf 81' lang='lat' dir='ltr'>ex</span> <span class='ocrx_word' id='word_1_469' title='bbox 1779 2321 1861 2366; x_wconf 90' lang='lat' dir='ltr'>ipso</span> <span class='ocrx_word' id='word_1_470' title='bbox 1881 2319 2152 2361; x_wconf 87' lang='lat' dir='ltr'>Theodosiano‚</span> <span class='ocrx_word' id='word_1_471' title='bbox 2177 2331 2250 2355; x_wconf 92' lang='lat' dir='ltr'>non</span> 
     </span>
     <span class='ocr_line' id='line_1_39' title="bbox 409 2377 2251 2426; baseline -0.001 -13"><span class='ocrx_word' id='word_1_472' title='bbox 409 2390 452 2413; x_wconf 74' lang='lat' dir='ltr'>ex</span> <span class='ocrx_word' id='word_1_473' title='bbox 477 2379 653 2415; x_wconf 85' lang='lat' dir='ltr'>adiuncto</span> <span class='ocrx_word' id='word_1_474' title='bbox 680 2380 714 2415; x_wconf 89' lang='lat' dir='ltr'>ei</span> <span class='ocrx_word' id='word_1_475' title='bbox 739 2380 861 2416; x_wconf 89' lang='lat' dir='ltr'>indice</span> <span class='ocrx_word' id='word_1_476' title='bbox 879 2380 1086 2421; x_wconf 89' lang='lat' dir='ltr'>titulorum,</span> <span class='ocrx_word' id='word_1_477' title='bbox 1113 2381 1176 2417; x_wconf 87' lang='lat' dir='ltr'>sed</span> <span class='ocrx_word' id='word_1_478' title='bbox 1196 2380 1448 2426; x_wconf 85' lang='lat' dir='ltr'>praescriptas</span> <span class='ocrx_word' id='word_1_479' title='bbox 1473 2379 1597 2415; x_wconf 87' lang='lat' dir='ltr'>titulis</span> <span class='ocrx_word' id='word_1_480' title='bbox 1621 2379 1706 2421; x_wconf 89' lang='lat' dir='ltr'>suis,</span> <span class='ocrx_word' id='word_1_481' title='bbox 1733 2378 1908 2423; x_wconf 86' lang='lat' dir='ltr'>quoniam</span> <span class='ocrx_word' id='word_1_482' title='bbox 1934 2379 2066 2424; x_wconf 86' lang='lat' dir='ltr'>postea</span> <span class='ocrx_word' id='word_1_483' title='bbox 2090 2377 2251 2413; x_wconf 89' lang='lat' dir='ltr'>indicem</span> 
     </span>
     <span class='ocr_line' id='line_1_40' title="bbox 407 2436 1813 2483; baseline -0.001 -11"><span class='ocrx_word' id='word_1_484' title='bbox 407 2437 455 2472; x_wconf 83' lang='lat' dir='ltr'>ad</span> <span class='ocrx_word' id='word_1_485' title='bbox 480 2437 705 2473; x_wconf 88' lang='lat' dir='ltr'>breviarium</span> <span class='ocrx_word' id='word_1_486' title='bbox 730 2438 892 2480; x_wconf 82' lang='lat' dir='ltr'>exhibet,</span> <span class='ocrx_word' id='word_1_487' title='bbox 919 2438 1122 2474; x_wconf 85' lang='lat' dir='ltr'>destitutus</span> <span class='ocrx_word' id='word_1_488' title='bbox 1148 2437 1295 2474; x_wconf 89' lang='lat' dir='ltr'>scilicet</span> <span class='ocrx_word' id='word_1_489' title='bbox 1320 2437 1526 2483; x_wconf 80' lang='lat' dir='ltr'>exemplari</span> <span class='ocrx_word' id='word_1_490' title='bbox 1552 2436 1813 2472; x_wconf 82' lang='lat' dir='ltr'>Theodosiam&#39;.</span> 
     </span>
    </p>

    <p class='ocr_par' dir='ltr' id='par_1_7' title="bbox 353 2493 2251 2888">
     <span class='ocr_line' id='line_1_41' title="bbox 353 2493 2251 2542; baseline -0.001 -13"><span class='ocrx_word' id='word_1_491' title='bbox 353 2495 385 2530; x_wconf 88' lang='lat'>4.</span> <span class='ocrx_word' id='word_1_492' title='bbox 412 2495 502 2530; x_wconf 91' lang='lat' dir='ltr'>Post</span> <span class='ocrx_word' id='word_1_493' title='bbox 527 2496 615 2530; x_wconf 86' lang='lat' dir='ltr'>libri</span> <span class='ocrx_word' id='word_1_494' title='bbox 641 2495 753 2541; x_wconf 87' lang='lat' dir='ltr'>primi</span> <span class='ocrx_word' id='word_1_495' title='bbox 778 2497 909 2532; x_wconf 86' lang='lat' dir='ltr'>titulos</span> <span class='ocrx_word' id='word_1_496' title='bbox 935 2499 1010 2532; x_wconf 85' lang='lat' dir='ltr'>tres</span> <span class='ocrx_word' id='word_1_497' title='bbox 1035 2496 1184 2542; x_wconf 88' lang='lat' dir='ltr'>primos,</span> <span class='ocrx_word' id='word_1_498' title='bbox 1210 2508 1302 2541; x_wconf 89' lang='lat' dir='ltr'>quos</span> <span class='ocrx_word' id='word_1_499' title='bbox 1327 2496 1442 2532; x_wconf 83' lang='lat' dir='ltr'>codex</span> <span class='ocrx_word' id='word_1_500' title='bbox 1468 2496 1533 2531; x_wconf 89' lang='lat' dir='ltr'>dat</span> <span class='ocrx_word' id='word_1_501' title='bbox 1558 2496 1606 2531; x_wconf 87' lang='lat' dir='ltr'>ad</span> <span class='ocrx_word' id='word_1_502' title='bbox 1630 2495 1866 2537; x_wconf 86' lang='lat' dir='ltr'>breviarium,</span> <span class='ocrx_word' id='word_1_503' title='bbox 1893 2506 1915 2530; x_wconf 87' lang='lat' dir='ltr'>a</span> <span class='ocrx_word' id='word_1_504' title='bbox 1932 2496 2066 2539; x_wconf 88' lang='lat' dir='ltr'>quarto</span> <span class='ocrx_word' id='word_1_505' title='bbox 2092 2493 2178 2528; x_wconf 89' lang='lat' dir='ltr'>inde</span> <span class='ocrx_word' id='word_1_506' title='bbox 2203 2493 2251 2528; x_wconf 85' lang='lat' dir='ltr'>ad</span> 
     </span>
     <span class='ocr_line' id='line_1_42' title="bbox 409 2549 2251 2600; baseline -0.001 -13"><span class='ocrx_word' id='word_1_507' title='bbox 409 2552 468 2588; x_wconf 87' lang='lat' dir='ltr'>tit.</span> <span class='ocrx_word' id='word_1_508' title='bbox 490 2553 530 2587; x_wconf 90' lang='lat'>16</span> <span class='ocrx_word' id='word_1_509' title='bbox 557 2556 670 2588; x_wconf 88' lang='lat' dir='ltr'>const.</span> <span class='ocrx_word' id='word_1_510' title='bbox 685 2554 706 2588; x_wconf 89' lang='lat'>6</span> <span class='ocrx_word' id='word_1_511' title='bbox 729 2554 905 2589; x_wconf 88' lang='lat' dir='ltr'>librarius</span> <span class='ocrx_word' id='word_1_512' title='bbox 927 2554 1090 2600; x_wconf 90' lang='lat' dir='ltr'>seposito</span> <span class='ocrx_word' id='word_1_513' title='bbox 1113 2553 1298 2590; x_wconf 86' lang='lat' dir='ltr'>breviario</span> <span class='ocrx_word' id='word_1_514' title='bbox 1318 2555 1559 2598; x_wconf 86' lang='lat' dir='ltr'>(quamquam</span> <span class='ocrx_word' id='word_1_515' title='bbox 1584 2553 1720 2589; x_wconf 88' lang='lat' dir='ltr'>adsunt</span> <span class='ocrx_word' id='word_1_516' title='bbox 1745 2552 1862 2589; x_wconf 85' lang='lat' dir='ltr'>etiam</span> <span class='ocrx_word' id='word_1_517' title='bbox 1886 2551 1925 2587; x_wconf 88' lang='grc'>111</span> <span class='ocrx_word' id='word_1_518' title='bbox 1949 2553 2020 2587; x_wconf 85' lang='grc'><strong>1100</strong></span> <span class='ocrx_word' id='word_1_519' title='bbox 2037 2553 2146 2597; x_wconf 87' lang='lat' dir='ltr'>parte</span> <span class='ocrx_word' id='word_1_520' title='bbox 2171 2549 2251 2587; x_wconf 90' lang='lat' dir='ltr'>eius</span> 
     </span>
     <span class='ocr_line' id='line_1_43' title="bbox 409 2607 2250 2658; baseline -0.002 -13"><span class='ocrx_word' id='word_1_521' title='bbox 409 2610 749 2656; x_wconf 85' lang='lat' dir='ltr'>interpretationes)</span> <span class='ocrx_word' id='word_1_522' title='bbox 767 2612 1062 2648; x_wconf 78' lang='lat' dir='ltr'>Theodosi-anum</span> <span class='ocrx_word' id='word_1_523' title='bbox 1089 2611 1277 2658; x_wconf 84' lang='lat' dir='ltr'>integrum</span> <span class='ocrx_word' id='word_1_524' title='bbox 1301 2614 1450 2647; x_wconf 89' lang='lat' dir='ltr'>secutus</span> <span class='ocrx_word' id='word_1_525' title='bbox 1475 2614 1541 2647; x_wconf 89' lang='lat' dir='ltr'>est.</span> <span class='ocrx_word' id='word_1_526' title='bbox 1585 2610 1826 2646; x_wconf 87' lang='lat' dir='ltr'>Praeteriisse</span> <span class='ocrx_word' id='word_1_527' title='bbox 1853 2623 1936 2647; x_wconf 89' lang='lat' dir='ltr'>eum</span> <span class='ocrx_word' id='word_1_528' title='bbox 1961 2609 2146 2655; x_wconf 87' lang='lat' dir='ltr'>quaedam</span> <span class='ocrx_word' id='word_1_529' title='bbox 2171 2607 2250 2643; x_wconf 90' lang='lat' dir='ltr'>sive</span> 
     </span>
     <span class='ocr_line' id='line_1_44' title="bbox 410 2667 2249 2715; baseline -0.001 -13"><span class='ocrx_word' id='word_1_530' title='bbox 410 2667 564 2703; x_wconf 85' lang='lat' dir='ltr'>consilio</span> <span class='ocrx_word' id='word_1_531' title='bbox 599 2668 677 2704; x_wconf 89' lang='lat' dir='ltr'>sive</span> <span class='ocrx_word' id='word_1_532' title='bbox 709 2681 797 2704; x_wconf 88' lang='lat' dir='ltr'>casu</span> <span class='ocrx_word' id='word_1_533' title='bbox 827 2671 882 2714; x_wconf 89' lang='lat' dir='ltr'>(ut</span> <span class='ocrx_word' id='word_1_534' title='bbox 913 2672 1045 2715; x_wconf 86' lang='lat' dir='ltr'>postea</span> <span class='ocrx_word' id='word_1_535' title='bbox 1078 2669 1117 2704; x_wconf 89' lang='lat' dir='ltr'>in</span> <span class='ocrx_word' id='word_1_536' title='bbox 1149 2669 1334 2705; x_wconf 86' lang='lat' dir='ltr'>breviario</span> <span class='ocrx_word' id='word_1_537' title='bbox 1366 2668 1563 2714; x_wconf 87' lang='lat' dir='ltr'>praeteriit</span> <span class='ocrx_word' id='word_1_538' title='bbox 1599 2668 1769 2713; x_wconf 84' lang='lat'>1‚16‚13)</span> <span class='ocrx_word' id='word_1_539' title='bbox 1801 2667 1965 2705; x_wconf 85' lang='lat' dir='ltr'>ostendit</span> <span class='ocrx_word' id='word_1_540' title='bbox 1998 2667 2113 2703; x_wconf 85' lang='lat' dir='ltr'>codex</span> <span class='ocrx_word' id='word_1_541' title='bbox 2145 2678 2249 2708; x_wconf 88' lang='lat' dir='ltr'>unus,</span> 
     </span>
     <span class='ocr_line' id='line_1_45' title="bbox 410 2723 2249 2772; baseline -0.001 -12"><span class='ocrx_word' id='word_1_542' title='bbox 410 2738 519 2770; x_wconf 87' lang='lat' dir='ltr'>quem</span> <span class='ocrx_word' id='word_1_543' title='bbox 551 2738 634 2761; x_wconf 90' lang='lat' dir='ltr'>cum</span> <span class='ocrx_word' id='word_1_544' title='bbox 664 2727 733 2762; x_wconf 90' lang='lat' dir='ltr'>hoc</span> <span class='ocrx_word' id='word_1_545' title='bbox 766 2739 980 2772; x_wconf 87' lang='lat' dir='ltr'>componas,</span> <span class='ocrx_word' id='word_1_546' title='bbox 1016 2726 1255 2763; x_wconf 89' lang='lat' dir='ltr'>Taurinensis</span> <span class='ocrx_word' id='word_1_547' title='bbox 1280 2727 1422 2763; x_wconf 85' lang='lat' dir='ltr'>habens</span> <span class='ocrx_word' id='word_1_548' title='bbox 1454 2726 1564 2762; x_wconf 88' lang='lat' dir='ltr'>huius</span> <span class='ocrx_word' id='word_1_549' title='bbox 1595 2726 1682 2762; x_wconf 88' lang='lat' dir='ltr'>libri</span> <span class='ocrx_word' id='word_1_550' title='bbox 1707 2726 1813 2762; x_wconf 88' lang='lat' dir='ltr'>tituli</span> <span class='ocrx_word' id='word_1_551' title='bbox 1838 2725 1961 2770; x_wconf 90' lang='lat' dir='ltr'>quinti</span> <span class='ocrx_word' id='word_1_552' title='bbox 1986 2725 2088 2771; x_wconf 85' lang='lat' dir='ltr'>leges</span> <span class='ocrx_word' id='word_1_553' title='bbox 2112 2723 2249 2765; x_wconf 88' lang='lat'>4-14,</span> 
     </span>
     <span class='ocr_line' id='line_1_46' title="bbox 410 2781 2249 2827; baseline -0.001 -9"><span class='ocrx_word' id='word_1_554' title='bbox 410 2796 566 2827; x_wconf 85' lang='lat' dir='ltr'>quarum</span> <span class='ocrx_word' id='word_1_555' title='bbox 596 2784 690 2820; x_wconf 86' lang='lat' dir='ltr'>duae</span> <span class='ocrx_word' id='word_1_556' title='bbox 717 2785 737 2819; x_wconf 87' lang='grc'>6</span> <span class='ocrx_word' id='word_1_557' title='bbox 762 2787 800 2820; x_wconf 92' lang='lat' dir='ltr'>et</span> <span class='ocrx_word' id='word_1_558' title='bbox 827 2785 868 2819; x_wconf 81' lang='lat'>12</span> <span class='ocrx_word' id='word_1_559' title='bbox 898 2784 936 2819; x_wconf 94' lang='lat' dir='ltr'>in</span> <span class='ocrx_word' id='word_1_560' title='bbox 962 2783 1205 2820; x_wconf 88' lang='lat' dir='ltr'>Ambrosiano</span> <span class='ocrx_word' id='word_1_561' title='bbox 1239 2784 1424 2820; x_wconf 89' lang='lat' dir='ltr'>deficiunt.</span> <span class='ocrx_word' id='word_1_562' title='bbox 1476 2784 1732 2820; x_wconf 88' lang='lat' dir='ltr'>Nihilominus</span> <span class='ocrx_word' id='word_1_563' title='bbox 1759 2783 1959 2820; x_wconf 86' lang='lat' dir='ltr'>verisimile</span> <span class='ocrx_word' id='word_1_564' title='bbox 1991 2785 2049 2819; x_wconf 88' lang='lat' dir='ltr'>est</span> <span class='ocrx_word' id='word_1_565' title='bbox 2078 2781 2117 2817; x_wconf 90' lang='lat' dir='ltr'>in</span> <span class='ocrx_word' id='word_1_566' title='bbox 2146 2781 2249 2817; x_wconf 87' lang='lat' dir='ltr'>hisce</span> 
     </span>
     <span class='ocr_line' id='line_1_47' title="bbox 409 2841 1631 2888; baseline 0.002 -12"><span class='ocrx_word' id='word_1_567' title='bbox 409 2841 532 2876; x_wconf 82' lang='lat' dir='ltr'>titulis</span> <span class='ocrx_word' id='word_1_568' title='bbox 556 2842 839 2878; x_wconf 76' lang='lat' dir='ltr'>Ambrosianum</span> <span class='ocrx_word' id='word_1_569' title='bbox 865 2855 887 2878; x_wconf 85' lang='lat' dir='ltr'>a</span> <span class='ocrx_word' id='word_1_570' title='bbox 912 2842 1033 2888; x_wconf 88' lang='lat' dir='ltr'>plenis</span> <span class='ocrx_word' id='word_1_571' title='bbox 1060 2842 1166 2878; x_wconf 85' lang='lat' dir='ltr'>libris</span> <span class='ocrx_word' id='word_1_572' title='bbox 1190 2854 1263 2877; x_wconf 89' lang='lat' dir='ltr'>non</span> <span class='ocrx_word' id='word_1_573' title='bbox 1287 2843 1446 2878; x_wconf 87' lang='lat' dir='ltr'>multum</span> <span class='ocrx_word' id='word_1_574' title='bbox 1474 2842 1631 2878; x_wconf 82' lang='lat' dir='ltr'>differre.</span> 
     </span>
    </p>

    <p class='ocr_par' dir='ltr' id='par_1_8' title="bbox 350 2896 2250 3109">
     <span class='ocr_line' id='line_1_48' title="bbox 350 2896 2249 2945; baseline -0.002 -12"><span class='ocrx_word' id='word_1_575' title='bbox 350 2900 380 2933; x_wconf 84' lang='lat'>5.</span> <span class='ocrx_word' id='word_1_576' title='bbox 410 2898 510 2934; x_wconf 88' lang='lat' dir='ltr'>Libri</span> <span class='ocrx_word' id='word_1_577' title='bbox 537 2900 631 2935; x_wconf 81' lang='lat' dir='ltr'>sexti</span> <span class='ocrx_word' id='word_1_578' title='bbox 656 2900 805 2936; x_wconf 85' lang='lat' dir='ltr'>rubrica</span> <span class='ocrx_word' id='word_1_579' title='bbox 828 2900 935 2936; x_wconf 90' lang='lat' dir='ltr'>nobis</span> <span class='ocrx_word' id='word_1_580' title='bbox 961 2900 1122 2936; x_wconf 87' lang='lat' dir='ltr'>secunda</span> <span class='ocrx_word' id='word_1_581' title='bbox 1147 2900 1190 2935; x_wconf 80' lang='lat' dir='ltr'>de</span> <span class='ocrx_word' id='word_1_582' title='bbox 1214 2901 1400 2936; x_wconf 77' lang='lat' dir='ltr'>senatoria</span> <span class='ocrx_word' id='word_1_583' title='bbox 1425 2899 1607 2945; x_wconf 71' lang='lat' dir='ltr'>diynitate,</span> <span class='ocrx_word' id='word_1_584' title='bbox 1634 2911 1729 2944; x_wconf 88' lang='lat' dir='ltr'>quae</span> <span class='ocrx_word' id='word_1_585' title='bbox 1755 2899 1862 2935; x_wconf 86' lang='lat' dir='ltr'>abest</span> <span class='ocrx_word' id='word_1_586' title='bbox 1887 2911 1909 2934; x_wconf 86' lang='lat' dir='ltr'>a</span> <span class='ocrx_word' id='word_1_587' title='bbox 1935 2896 2136 2939; x_wconf 88' lang='lat' dir='ltr'>breviario,</span> <span class='ocrx_word' id='word_1_588' title='bbox 2161 2897 2249 2931; x_wconf 87' lang='lat' dir='ltr'>ante</span> 
     </span>
     <span class='ocr_line' id='line_1_49' title="bbox 410 2954 2250 3003; baseline -0.001 -12"><span class='ocrx_word' id='word_1_589' title='bbox 410 2956 541 2992; x_wconf 88' lang='lat' dir='ltr'>titulos</span> <span class='ocrx_word' id='word_1_590' title='bbox 566 2957 644 2992; x_wconf 88' lang='lat' dir='ltr'>eius</span> <span class='ocrx_word' id='word_1_591' title='bbox 673 2957 761 2992; x_wconf 86' lang='lat' dir='ltr'>libri</span> <span class='ocrx_word' id='word_1_592' title='bbox 786 2957 823 2992; x_wconf 88' lang='lat' dir='ltr'>in</span> <span class='ocrx_word' id='word_1_593' title='bbox 849 2958 1080 2994; x_wconf 85' lang='lat' dir='ltr'>Breviarium</span> <span class='ocrx_word' id='word_1_594' title='bbox 1105 2961 1275 3003; x_wconf 89' lang='lat' dir='ltr'>receptos</span> <span class='ocrx_word' id='word_1_595' title='bbox 1304 2958 1342 2993; x_wconf 91' lang='lat' dir='ltr'>in</span> <span class='ocrx_word' id='word_1_596' title='bbox 1367 2958 1488 2993; x_wconf 88' lang='lat' dir='ltr'>iudice</span> <span class='ocrx_word' id='word_1_597' title='bbox 1514 2960 1570 2993; x_wconf 86' lang='lat' dir='ltr'>est</span> <span class='ocrx_word' id='word_1_598' title='bbox 1595 2957 1826 2993; x_wconf 88' lang='lat' dir='ltr'>rubricarum</span> <span class='ocrx_word' id='word_1_599' title='bbox 1852 2955 2113 2997; x_wconf 74' lang='lat' dir='ltr'>Ambrosiam,</span> <span class='ocrx_word' id='word_1_600' title='bbox 2145 2954 2250 2989; x_wconf 91' lang='lat' dir='ltr'>cuius</span> 
     </span>
     <span class='ocr_line' id='line_1_50' title="bbox 410 3011 2249 3060; baseline -0.001 -12"><span class='ocrx_word' id='word_1_601' title='bbox 410 3014 656 3060; x_wconf 80' lang='lat' dir='ltr'>archetypum</span> <span class='ocrx_word' id='word_1_602' title='bbox 690 3016 890 3052; x_wconf 88' lang='lat' dir='ltr'>verisimile</span> <span class='ocrx_word' id='word_1_603' title='bbox 924 3019 981 3052; x_wconf 88' lang='lat' dir='ltr'>est</span> <span class='ocrx_word' id='word_1_604' title='bbox 1015 3017 1052 3051; x_wconf 88' lang='lat' dir='ltr'>in</span> <span class='ocrx_word' id='word_1_605' title='bbox 1086 3016 1156 3052; x_wconf 90' lang='lat' dir='ltr'>hoc</span> <span class='ocrx_word' id='word_1_606' title='bbox 1186 3016 1300 3052; x_wconf 85' lang='lat' dir='ltr'>titulo</span> <span class='ocrx_word' id='word_1_607' title='bbox 1333 3015 1638 3052; x_wconf 85' lang='lat' dir='ltr'>constitutionem</span> <span class='ocrx_word' id='word_1_608' title='bbox 1673 3027 1786 3050; x_wconf 89' lang='lat' dir='ltr'>unam</span> <span class='ocrx_word' id='word_1_609' title='bbox 1818 3015 1989 3060; x_wconf 86' lang='lat' dir='ltr'>pluresve</span> <span class='ocrx_word' id='word_1_610' title='bbox 2023 3013 2170 3058; x_wconf 88' lang='lat' dir='ltr'>aliquot</span> <span class='ocrx_word' id='word_1_611' title='bbox 2200 3011 2249 3047; x_wconf 86' lang='lat' dir='ltr'>ad</span> 
     </span>
     <span class='ocr_line' id='line_1_51' title="bbox 411 3072 858 3109; baseline 0.009 -4"><span class='ocrx_word' id='word_1_612' title='bbox 411 3072 635 3108; x_wconf 83' lang='lat' dir='ltr'>breviarium</span> <span class='ocrx_word' id='word_1_613' title='bbox 661 3073 858 3109; x_wconf 86' lang='lat' dir='ltr'>addidisse.</span> 
     </span>
    </p>
   </div>
   <div class='ocr_carea' id='block_1_4' title="bbox 438 3166 1137 3209">
    <p class='ocr_par' dir='ltr' id='par_1_9' title="bbox 438 3166 1137 3209">
     <span class='ocr_line' id='line_1_52' title="bbox 438 3166 1137 3209; baseline 0.003 -9"><span class='ocrx_word' id='word_1_614' title='bbox 438 3166 464 3209; x_wconf 92' lang='lat'>¹)</span> <span class='ocrx_word' id='word_1_615' title='bbox 490 3169 676 3209; x_wconf 57' lang='grc' dir='ltr'><strong>Ωιι-«11011110</strong></span> <span class='ocrx_word' id='word_1_616' title='bbox 700 3170 750 3201; x_wconf 86' lang='lat' dir='ltr'>XI</span> <span class='ocrx_word' id='word_1_617' title='bbox 774 3170 874 3202; x_wconf 84' lang='lat' dir='ltr'>hodie</span> <span class='ocrx_word' id='word_1_618' title='bbox 898 3169 948 3202; x_wconf 91' lang='lat' dir='ltr'>sic</span> <span class='ocrx_word' id='word_1_619' title='bbox 972 3169 1137 3202; x_wconf 82' lang='lat' dir='ltr'>cernitur:</span> 
     </span>
    </p>
   </div>
   <div class='ocr_carea' id='block_1_5' title="bbox 900 3234 1626 3381">
    <p class='ocr_par' dir='ltr' id='par_1_10' title="bbox 900 3234 1626 3381">
     <span class='ocr_line' id='line_1_53' title="bbox 900 3234 1626 3349; baseline 0 -79"><span class='ocrx_word' id='word_1_620' title='bbox 900 3236 975 3271; x_wconf 78' lang='lat'>153.</span> <span class='ocrx_word' id='word_1_621' title='bbox 1003 3237 1077 3339; x_wconf 56' lang='lat' dir='ltr'>15t4.</span> <span class='ocrx_word' id='word_1_622' title='bbox 1103 3236 1178 3349; x_wconf 74' lang='grc'><strong>1515.</strong></span> <span class='ocrx_word' id='word_1_623' title='bbox 1207 3236 1281 3298; x_wconf 68' lang='grc'><strong>156.</strong></span> <span class='ocrx_word' id='word_1_624' title='bbox 1320 3256 1335 3307; x_wconf 59' lang='grc' dir='ltr'>Τ</span> <span class='ocrx_word' id='word_1_625' title='bbox 1377 3236 1452 3347; x_wconf 67' lang='lat'>15¹7.</span> <span class='ocrx_word' id='word_1_626' title='bbox 1483 3234 1557 3311; x_wconf 64' lang='lat'>15¹8.</span> <span class='ocrx_word' id='word_1_627' title='bbox 1612 3255 1626 3270; x_wconf 62' lang='lat'>*</span> 
     </span>
     <span class='ocr_line' id='line_1_54' title="bbox 1043 3313 1523 3381; baseline -0.006 0"><span class='ocrx_word' id='word_1_628' title='bbox 1043 3340 1046 3381; x_wconf 75' lang='grc' dir='ltr'>ι</span> <span class='ocrx_word' id='word_1_629' title='bbox 1141 3317 1426 3356; x_wconf 44' lang='grc' dir='ltr'>«ΣΞ-</span> <span class='ocrx_word' id='word_1_630' title='bbox 1520 3313 1523 3378; x_wconf 68' lang='grc' dir='ltr'>Ι</span> 
     </span>
    </p>
   </div>
  </div>
 </body>
</html>
