2485 3615
155 1536 267 1569 Paris.
286 1537 376 1567 4406

171 1585 198 1627 f.
216 1583 356 1615 57—59

347 2765 384 2797 K

1168 131 1211 136 -—
1259 110 1448 144 LXXVIII
1498 129 1541 134 —

428 223 456 257 1.
483 222 525 256 In
551 221 690 267 pagina
715 220 824 255 hodie
851 218 971 264 prima
996 216 1115 262 primo
1141 215 1222 249 loco
1263 212 1403 258 legitur
1427 213 1612 247 tractatus
1636 210 1824 256 principio
1850 222 1987 251 carens,
2015 209 2119 244 cuius
2143 208 2321 253 reliquia-s

482 290 674 324 expressas
705 279 752 312 ab
783 275 963 312 Haenelio
995 274 1042 308 ad
1074 272 1215 307 calcem
1250 269 1431 304 Brevi-arii
1462 281 1498 313 p.
1520 268 1589 303 463
1618 279 1702 302 mea
1732 279 1843 302 causa
1871 267 1919 302 ad
1950 266 2052 303 edita
2086 267 2323 302 coutulerunt

482 337 598 372 Dorez
624 338 661 371 ct
678 334 817 375 Vidier,
843 335 934 368 haec
961 329 1213 366 emendantes:
1240 328 1305 362 v.1
1327 325 1528 371 (Haenelii)
1554 327 1605 372 cp]
1632 337 1699 370 pro
1725 345 1768 349 —
1793 325 1967 360 aduersos
1991 345 2034 350 —
2061 337 2094 359 V.
2109 325 2130 359 2
2152 336 2227 368 qua
2247 351 2255 358 .
2273 351 2282 358 .
2300 324 2322 368 .]

485 407 533 439 q.
553 422 559 428 .
579 421 586 428 .
619 413 661 418 —
692 393 713 427 3
738 394 835 427 teme
855 417 861 424 .
881 416 888 424 .
908 416 915 424 .
933 400 995 423 ens
1020 388 1143 422 locum
1167 385 1206 420 in
1233 397 1293 420 .m
1318 397 1341 419 n
1366 384 1390 419 b
1424 396 1506 419 cum
1531 382 1693 427 uincum]
1727 385 1764 418 te
1796 394 1853 418 me
1886 382 2033 426 a(‘?)c(‘?)
2060 385 2100 418 t.
2121 409 2128 417 .
2148 410 2154 417 .
2171 381 2325 426 r(‘?)i(‘?)s

484 453 606 486 locum
632 450 669 484 111
696 448 863 484 omnibus
889 458 1003 480 suum.

428 511 458 544 2.
485 507 659 553 Sequitur
684 506 721 540 in
748 505 876 540 eadem
894 502 1034 549 pagina
1057 503 1244 538 tract-atus
1261 501 1305 536 de
1327 499 1505 546 gradibus
1522 498 1657 543 (editus
1675 498 1776 543 apud
1793 497 2015 534 Haenelium
2039 499 2062 533 l.
2079 498 2123 542 c.)
2140 496 2327 543 incipiens

489 567 526 600 in
546 565 666 610 primo
688 561 806 608 yradzi
825 560 927 606 patri
950 559 1075 602 matri,·
1101 558 1135 593 ei
1159 557 1280 594 medio
1306 558 1387 592 Ioco
1411 557 1624 592 inseruntur
1646 555 1785 591 litteris
1810 555 2027 591 maiusculis
2052 554 2193 601 scripta
2214 555 2328 590 verba

487 626 651 666 excerpta
675 620 717 654 cle
742 619 831 654 libro
848 617 987 661 Scauri,
1014 628 1110 661 quae
1134 617 1224 661 quid
1248 615 1460 661 significent
1483 613 1618 649 nescio.

429 682 462 716 3.
488 681 545 715 Ad
571 676 877 714 constitut-ionem
895 675 926 710 2.
941 676 974 716 4,
990 676 1008 709 7
1033 686 1164 709 manus
1189 673 1371 719 posterior
1396 672 1435 707 in
1461 671 1585 717 spatio
1607 682 1722 706 vacuo
1754 670 1886 706 relicto
1911 669 2111 716 adscripsit
2135 670 2258 705 locum
2284 681 2328 704 ex

486 736 608 771 edicto
634 733 856 770 Theoderici
882 733 1099 769 redeuntem
1127 744 1209 767 cum
1233 730 1508 776 subscript-ione
1541 728 1683 764 ficticia
1712 728 1750 763 in
1775 728 1919 775 sylloge
1952 728 2130 764 canonica
2153 727 2329 764 Anselmo

486 793 669 829 dedicata.

428 853 459 886 4.
488 850 715 886 Constitutio
739 850 874 891 3,12,1
902 848 1051 884 adiecta
1077 848 1126 883 ad
1151 846 1377 883 breviarium
1403 846 1520 881 adest.

428 912 461 944 5.
489 906 800 943 Constitutionem
826 908 912 952 post
929 906 960 947 3,
977 906 1060 947 181
1088 904 1244 940 inseruit
1269 903 1444 939 librarius
1471 901 1768 938 commenticiam
1792 903 1990 947 propterea
2008 901 2107 945 quod
2132 900 2330 947 adlegatm·

488 966 525 1000 in
550 965 699 1000 novella
724 963 924 999 Theodosii
949 963 1101 1007 eiusque
1126 961 1448 1007 interpretatione,
1474 961 1518 996 ad
1547 960 1771 1005 explendum
1797 957 1979 994 Breviarii
2003 957 2160 994 hiatum.

430 1026 460 1060 6.
488 1022 802 1059 Constitutionem
832 1022 864 1057 9.
879 1022 968 1063 25,2
1000 1020 1193 1062 librarius,
1224 1022 1267 1055 ut
1299 1019 1337 1054 111
1369 1019 1452 1055 adn.
1480 1017 1722 1060 ostendimus,
1758 1015 2009 1062 interpolavit
2043 1015 2218 1052 adhibita
2249 1015 2334 1062 lege

489 1083 658 1116 Romana
681 1079 999 1126 Burgundionum.

430 1141 459 1174 7.
488 1137 799 1174 Constitutionem
830 1138 916 1182 post
944 1137 995 1179 14,
1013 1137 1075 1179 7,]
1105 1137 1219 1172 codex
1250 1133 1379 1171 inserit
1411 1134 1502 1171 item
1534 1133 1727 1174 ficticiam,
1760 1134 1961 1178 propterea
1986 1131 2086 1176 quod
2117 1130 2335 1167 constitutio

490 1197 534 1232 de
561 1195 770 1241 collegiatis
795 1195 950 1231 laudata
975 1194 1013 1229 in
1039 1193 1229 1231 Anthemii
1254 1205 1338 1230 11011.
1357 1192 1378 1227 3
1403 1205 1475 1228 non
1502 1195 1558 1228 est
1582 1192 1619 1227 in
1645 1189 1854 1234 Breviari0‚
1885 1188 1975 1225 item
2005 1189 2054 1225 ad
2077 1187 2225 1225 hiatum
2249 1200 2335 1224 eum

490 1254 723 1300 explendum.

433 1313 464 1347 8.
490 1311 643 1347 Librum
660 1311 747 1346 XVI
764 1310 947 1353 librarius,
973 1313 1015 1346 ut
1040 1310 1137 1346 infra
1156 1309 1481 1351 demonstrabitur,
1507 1307 1674 1354 explevit
1700 1319 1744 1343 ex
1763 1306 1928 1342 eiusdem
1949 1304 2154 1351 exemplari
2178 1303 2335 1350 integro.

434 1372 465 1405 9.
492 1370 582 1404 Post
600 1368 897 1404 Theodosianum
921 1368 1024 1403 nullo
1049 1366 1250 1403 intervallo
1276 1366 1444 1411 sequitur
1461 1366 1565 1401 locus
1589 1375 1665 1399 non
1689 1367 1811 1398 tamen
1834 1363 1995 1399 omnibus
2012 1390 2020 1399 .
2039 1390 2047 1400 .
2067 1390 2075 1398 .
2093 1390 2101 1398 .
2113 1362 2339 1407 postmiorem

490 1427 650 1463 &inludet
674 1428 843 1472 sumptus
869 1438 912 1462 ex
939 1425 1031 1461 Gaio
1050 1425 1286 1471 Visigothico
1312 1426 1343 1467 2,
1361 1426 1393 1467 8,
1410 1424 1513 1459 4-6
1538 1424 1635 1459 male
1663 1425 1867 1468 corruptus.

515 1531 674 1567 Parisini
700 1531 788 1566 libri
812 1543 846 1565 n.
869 1531 960 1566 4406
981 1531 1136 1575 (Haenel
1157 1532 1195 1565 11
1218 1545 1259 1559 =
1281 1530 1337 1574 17)
1369 1528 1460 1564 folia
1486 1528 1560 1563 tria
1586 1528 1640 1563 59.
1659 1528 1714 1562 57.
1732 1527 1776 1561 58
1801 1525 1868 1571 (sic
1894 1525 2112 1570 ordinanda)
2137 1524 2339 1569 aliquando

405 1590 525 1635 prima
559 1588 696 1624 codicis
732 1587 909 1624 breviarii
932 1589 1083 1624 fuerunt
1108 1587 1224 1624 nostri
1251 1587 1286 1622 L
1311 1586 1492 1622 simillimi
1524 1585 1751 1631 explentque
1781 1583 2034 1629 aliquatenus,
2061 1594 2156 1628 quae
2188 1582 2229 1618 in
2261 1581 2341 1618 eius

403 1646 588 1693 principio
625 1646 825 1693 perierunt.
874 1647 1003 1682 Insunt
1028 1646 1138 1681 haec:

439 1719 468 1752 1.
496 1716 695 1752 Tractatus
720 1716 763 1750 de
783 1715 957 1760 madibus
981 1713 1164 1760 incipiens
1189 1724 1261 1759 eqo,
1286 1713 1384 1756 filius
1408 1723 1519 1756 meus,
1555 1723 1616 1757 eqo
1640 1722 1718 1747 sum
1737 1715 1858 1756 pater,
1889 1710 2018 1746 finiens
2047 1708 2184 1752 femina
2206 1707 2342 1744 hisdem

495 1774 538 1809 (Ie
565 1773 683 1808 causis
707 1773 839 1818 apellat
862 1773 991 1816 filium,
1016 1775 1186 1816 nepotem,
1204 1773 1450 1815 pronepotem,
1475 1770 1693 1814 adnepotem,
1721 1769 1843 1805 edit-us
1869 1768 1969 1814 apud
1995 1765 2216 1803 Haenelium
2240 1766 2341 1802 brev.

495 1844 530 1877 p.
547 1832 616 1867 458
641 1843 685 1867 ex
712 1830 902 1866 codicibus
931 1829 1102 1865 Parisino
1128 1830 1220 1865 4410
1245 1831 1283 1865 et
1308 1828 1494 1864 Vaticano
1519 1827 1673 1874 reginae
1701 1828 1799 1863 1023.

437 1891 468 1925 2.
495 1888 710 1925 Auctoritas
726 1887 869 1924 Alarici
894 1887 992 1933 regis
1017 1889 1064 1932 (p.
1082 1887 1267 1932 XXXIII).
1310 1887 1351 1921 In
1378 1898 1421 1922 ea
1447 1898 1543 1932 quae
1570 1884 1744 1921 Cuiacius
1768 1885 1807 1920 in
1832 1884 1887 1920 ed.
1913 1884 2034 1920 altera
2058 1895 2091 1919 a.
2111 1883 2200 1919 1586
2223 1883 2342 1918 muta-

495 1947 566 1988 vit,
595 1946 749 1982 veniunt
775 1958 818 1982 ex
843 1946 912 1981 hoc
941 1945 1078 1980 codice.

436 2006 470 2041 3.
495 2005 696 2040 Tractatus
724 2003 764 2039 de
787 2004 888 2039 trina
912 2003 1156 2047 conventione,
1189 2003 1234 2038 de
1259 2014 1331 2047 quo
1358 2001 1454 2037 infra
1479 2014 1514 2047 p.
1533 2001 1724 2036 LXXXIII
1750 2000 1914 2037 dicemus
1945 2001 2101 2047 agentes
2135 1999 2180 2035 de
2206 2010 2344 2045 appen-

497 2062 578 2098 dice
603 2062 819 2108 posteriore.

439 2122 471 2156 4.
498 2121 697 2155 Tractatus
727 2119 769 2155 de
799 2119 872 2154 litis
900 2119 1077 2163 expensis,
1112 2118 1296 2164 incipiens
1330 2118 1517 2162 scriptione
1551 2116 1594 2151 de
1624 2116 1697 2151 litis
1729 2119 1762 2151 et
1793 2115 1970 2161 expensis:
2004 2114 2115 2160 iyitwr
2145 2123 2185 2149 eo
2216 2113 2259 2148 in
2289 2112 2347 2148 dei

500 2178 641 2213 nomine
668 2178 742 2221 ille,
775 2177 904 2212 finiens
928 2176 1021 2211 hano
1045 2176 1235 2211 editionem
1259 2187 1371 2210 manu
1388 2175 1542 2220 propria
1567 2173 1837 2217 subteifi'rmavi,
1864 2172 1986 2208 editus
2011 2184 2054 2207 ex
2080 2172 2151 2207 hoc
2175 2171 2272 2207 libro
2297 2171 2346 2206 ab

498 2235 678 2272 Haenelio
710 2235 812 2280 apud
836 2234 1073 2269 Hauboldum
1099 2245 1222 2279 opusc.
1242 2234 1263 2268 2
1288 2245 1324 2278 p.
1342 2233 1426 2275 911,
1459 2244 1503 2268 ex
1529 2232 1598 2267 hoc
1631 2230 1727 2266 libro
1753 2230 1912 2275 aliisque
1943 2230 2045 2276 apud
2068 2229 2283 2266 Zeumerum
2307 2227 2346 2264 in

499 2293 667 2329 formulis
692 2306 728 2338 p.
746 2293 814 2328 536
840 2304 868 2327 0.
888 2293 920 2327 4.

443 2353 474 2387 5.
500 2350 832 2396 Interpretationes
857 2348 1034 2385 breviarii
1059 2349 1126 2383 Th.
1144 2349 1176 2391 9,
1194 2349 1223 2390 1,
1239 2349 1260 2384 9
1286 2350 1324 2383 et
1349 2347 1458 2383 Pauli
1483 2349 1514 2390 5,
1529 2347 1573 2383 39
1605 2347 1727 2383 editae
1759 2346 1851 2382 item
1883 2346 1983 2391 apud
2007 2343 2247 2381 Hauboldum
2270 2344 2296 2379 l.
2316 2356 2346 2380 c.

444 2411 476 2445 6.
502 2409 688 2453 Incipiunt
711 2408 808 2442 tituli
833 2408 946 2452 layum
970 2418 1012 2442 ex
1034 2417 1174 2451 corpore
1195 2406 1437 2441 Theodosiana?
1461 2405 1655 2451 explanati.
1696 2404 1831 2440 Deficit
1847 2404 1958 2440 index
1975 2403 1998 2439 1.
2013 2404 2035 2439 2
2052 2402 2149 2440 tit.4
2168 2401 2208 2438 in
2224 2401 2348 2439 verbis

501 2467 542 2502 de
567 2467 836 2502 denuntiatione
860 2466 910 2500 rel
934 2465 1107 2501 edictione
1130 2464 1336 2500 rescribenti
1359 2464 1422 2499 hoc
1448 2467 1497 2499 est
1520 2466 1561 2498 ut
1579 2473 1643 2507 pa.

412 2537 607 2573 Tractatui
633 2539 765 2582 quarto
798 2535 1037 2580 aliquatenus
1066 2535 1292 2580 respondent
1326 2545 1422 2579 quae
1458 2533 1634 2578 leguntur
1671 2531 1709 2567 in
1746 2530 1933 2577 principio
1970 2530 2052 2567 folii
2087 2529 2200 2567 hodie
2236 2528 2348 2576 primi

413 2595 549 2631 codicis
575 2594 625 2635 L;
662 2593 830 2638 sequitur
861 2593 899 2628 in
931 2593 1059 2629 eodem
1089 2594 1277 2629 tractatus
1310 2592 1354 2628 de
1384 2590 1564 2637 gradibus
1594 2589 1703 2625 huius
1737 2588 1854 2625 nostri
1885 2588 2008 2635 primo
2039 2600 2112 2625 non
2148 2586 2348 2629 absimilis3

412 2656 568 2698 uterque
594 2651 648 2687 ibi
674 2663 820 2696 quoque
846 2652 902 2687 est
927 2652 1014 2686 ante
1039 2650 1216 2685 rubricas

531 2756 720 2793 Parisinus
739 2766 843 2791 nour.
861 2766 934 2800 cwq.
952 2755 1034 2790 Lat.
1054 2758 1137 2790 1631
1158 2755 1214 2799 (=
1232 2754 1340 2798 fonds
1354 2753 1458 2789 Isibri
1475 2753 1530 2795 81,
1548 2753 1610 2794 85;
1632 2752 1774 2788 Haenel
1795 2751 1836 2787 12
1855 2766 1898 2781 -ε
1918 2751 1986 2796 13),
2013 2752 2125 2786 antea
2143 2748 2351 2786 custoditus

416 2815 627 2851 Aurelianis
658 2816 814 2850 fortasse
839 2812 1065 2858 antiquitus;
1090 2824 1210 2857 neque
1237 2811 1333 2848 enim
1368 2810 1617 2856 improbabile
1651 2811 1707 2845 est
1743 2809 1791 2844 ad
1826 2821 1909 2844 eum
1940 2807 2124 2853 respicere
2160 2808 2350 2843 auctorem

417 2885 511 2909 saec.
530 2873 599 2907 XII
625 2872 664 2906 in
690 2870 954 2907 commentario
985 2870 1124 2915 scripto
1150 2869 1304 2905 Parisiis
1335 2869 1382 2904 ad
1413 2869 1603 2904 decretum
1628 2866 1800 2903 Gratiani
1825 2866 1918 2910 (cod.
1944 2866 2142 2911 Bamberg.
2164 2865 2204 2900 P.
2224 2864 2271 2902 II.
2288 2864 2350 2906 26;

416 2931 502 2966 inde
527 2931 697 2965 Maassen
722 2929 759 2964 in
784 2928 945 2964 Bekkeri
970 2931 1008 2964 et
1032 2927 1197 2963 Mutheri
1216 2939 1300 2962 ann.
1324 2925 1415 2961 iuris
1441 2926 1473 2967 2,
1488 2925 1569 2969 221)
1587 2924 1898 2969 interpretantem
1914 2922 1988 2958 loci
2005 2922 2147 2968 sumpti
2163 2933 2208 2958 ex
2233 2921 2351 2957 Paulo

418 2989 449 3023 5.
464 2989 552 3030 36‚1
588 2986 656 3022 int.
689 2986 801 3021 verba
832 2986 917 3020 ‘ista
951 2985 1027 3020 iam
1060 2985 1242 3031 superius‘
1273 2983 1341 3019 sic:
1373 2984 1478 3019 ‘haec
1513 2984 1668 3028 possunt
1702 2993 1779 3017 esse
1812 2981 1925 3017 verba
1956 2979 2157 3024 G(ratiani)
2193 2977 2353 3016 dicentis

417 3046 609 3089 ‘superius,
644 3044 683 3079 id
713 3046 767 3080 est
803 3043 990 3088 superiore
1026 3046 1133 3088 parte
1159 3041 1439 3078 Theodosi-anae
1472 3039 1584 3086 legis,
1620 3039 1678 3074 vel
1709 3040 1796 3074 sunt
1827 3038 1940 3075 verba
1970 3037 2087 3084 ipsius
2115 3036 2352 3083 imperatoris

418 3102 639 3138 ‘'rheodosii.
689 3102 759 3136 Sed
785 3114 867 3136 cum
893 3101 1172 3136 Theodosi-anus
1199 3100 1312 3135 codex
1337 3111 1409 3134 non
1435 3098 1485 3133 sit
1515 3097 1554 3132 in
1580 3096 1807 3137 Lonbardia‚
1841 3098 1898 3132 est
1927 3099 2054 3131 tamen
2077 3093 2288 3131 Aurelianis
2314 3096 2353 3130 et

419 3160 532 3204 ‘apud
568 3162 737 3195 sanctum
771 3158 1012 3203 Dionysium’.
1067 3158 1160 3193 Eum
1195 3170 1216 3193 a
1250 3156 1475 3193 Gothofredo
1512 3155 1560 3190 ad
1592 3154 1629 3189 C.
1656 3154 1724 3190 Th.
1748 3153 1884 3198 9‚13,1
1922 3153 2068 3189 laudari
2101 3155 2145 3189 ut
2172 3151 2352 3188 ‘codicem

421 3215 736 3252 Aureli-‘inensem’
766 3215 979 3251 observavit
1008 3215 1150 3252 Haenel
1182 3215 1336 3259 (Theod.
1355 3227 1390 3260 p.
1409 3213 1512 3248 XXX
1538 3214 1613 3247 not.
1632 3211 1726 3255 173).
1775 3211 1911 3246 Postea
1940 3210 2015 3247 fuit
2037 3208 2250 3251 Aurelianis
2279 3208 2353 3255 pri-

422 3286 521 3308 mum
554 3273 591 3308 in
622 3273 854 3310 bibliotheca
880 3274 1099 3315 Proustean,
1131 3273 1266 3309 deinde
1296 3272 1335 3307 in
1368 3270 1522 3317 publica
1553 3282 1587 3304 n.
1611 3270 1678 3306 207
1709 3269 1828 3313 (catal.
1854 3269 1914 3303 des
1942 3268 2017 3313 dep.
2043 3267 2115 3303 vol.
2135 3267 2179 3303 12
2203 3279 2240 3312 p.
2259 3267 2352 3311 121),

422 3344 540 3377 nuper
572 3344 638 3377 per
672 3332 772 3369 vices
806 3345 889 3368 cum
919 3332 1028 3369 furtis
1060 3332 1244 3368 Librianis
1279 3331 1496 3367 coniunctas
1526 3328 1732 3366 translatus
1766 3326 1928 3364 Parisios
1959 3325 2112 3371 (Delisle
2147 3325 2260 3362 notice
2290 3335 2354 3361 sur
