2501 3615
981 154 1025 159 —
1074 133 1211 169 XXXV
1260 153 1303 158 —

516 237 708 273 FORMA
735 238 768 272 A

179 307 346 342 Anianus
373 307 429 341 vir
454 306 672 352 spectabilis

181 376 224 399 ex
251 363 515 410 praeceptione
541 363 692 409 gloriosi
719 364 858 400 Alarici
885 364 982 410 regis

181 595 279 630 hunc
306 593 471 629 codicem

182 652 226 687 de
252 651 501 687 Theodosiani
528 652 675 698 legibus
700 654 812 697 atquc
838 651 980 697 species
1005 651 1094 687 iuris

186 709 244 745 vel
269 709 425 745 diversis
451 709 557 744 libris
582 710 742 746 electum

182 766 317 802 Aduris

182 835 279 859 anno
305 824 411 858 XXII
437 835 480 859 eo
505 827 685 871 regnante

181 881 282 918 edidi
308 883 421 927 atque
447 881 649 928 subscripsi

251 973 309 1009 Sic
339 975 467 1021 leyitur
493 978 575 1019 post
603 973 912 1009 Commonitorium
944 974 985 1008 in
1016 975 1111 1009 libris

181 1031 349 1076 epitomae
385 1032 609 1077 Aeyidianae
643 1031 823 1068 Parisinis
859 1038 947 1068 4409
981 1033 1008 1075 f.
1036 1038 1110 1068 144.

182 1094 276 1125 4416.
302 1095 397 1124 4417.
423 1093 517 1124 4626.
543 1093 644 1124 4633.
672 1100 772 1124 nouv.
792 1100 865 1134 aeq.
887 1094 954 1125 204

184 1459 199 1491 1
228 1470 285 1493 an.
310 1471 342 1493 u.
369 1472 417 1503 sp.
445 1459 681 1504 (expectabilis
707 1460 809 1503 4416)
842 1473 905 1494 om.
929 1463 1021 1494 4409

181 1503 203 1537 2
233 1507 449 1549 perceptione
473 1510 578 1547 4416,
611 1508 765 1550 ceptione
791 1510 880 1541 4626
974 1507 1113 1550 gloriosi

182 1563 245 1584 om.
261 1555 352 1585 4416
441 1551 463 1586 4
484 1554 716 1587 theodosianis
734 1556 821 1587 4416
889 1554 996 1597 spetie
1016 1556 1112 1594 4417,

182 1599 359 1632 sententiis
375 1602 462 1632 4416
480 1606 510 1633 et
526 1600 573 1632 sie
591 1597 764 1643 Ae9.(ed.)
774 1600 843 1634 Til.
855 1600 925 1633 Cui.
1010 1598 1031 1633 ὃ
1055 1600 1113 1633 ad-

181 1645 266 1679 iuris
290 1647 376 1678 4626
471 1645 490 1678 7
515 1657 577 1690 ego
603 1648 699 1679 4633

1513 236 1706 272 FORMA
1734 238 1768 272 B

1228 305 1392 341 Anianus
1419 305 1474 340 vir
1498 305 1718 351 spectabilis

1226 376 1269 399 cx
1288 363 1552 409 praeceptione
1571 364 1695 399 domni
1713 364 1830 400 nostri
1848 362 2105 410 gloriosissimi

1317 421 1415 467 regis
1440 420 1580 456 Alarici

1226 478 1421 514 ordinante
1448 478 1526 514 viro
1557 478 1753 525 magnifico
1786 481 1824 514 et
1854 478 1916 514 inl.
1935 478 2106 514 Goiarico

1318 540 1396 572 coffi

1226 593 1322 628 hunc
1350 593 1514 629 codicem
1540 594 1665 640 legum
1690 593 1780 629 iuris

1181 660 1194 684 5
1226 651 1425 686 secuudum
1463 651 1723 687 authenticum
1759 649 2008 697 subscriptum
2048 650 2106 686 vel

1319 707 1356 742 in
1382 708 1566 744 thesauris
1592 709 1733 744 editum

1227 765 1427 811 subscripsi
1453 768 1491 802 et
1516 766 1616 802 edidi

1226 823 1293 858 sub
1319 822 1379 857 die
1407 823 1458 857 III
1486 835 1567 859 non.
1590 825 1675 859 Feb.

1226 892 1321 916 anno
1348 881 1452 915 XXII
1478 881 1602 916 domni
1626 881 1742 917 nostri
1767 880 1907 917 Alarici
1932 880 2030 926 regis

1249 972 1306 1008 Sic
1338 973 1467 1018 legitur
1498 977 1529 1009 et
1564 975 1606 1008 in
1637 974 1782 1018 epitoma
1813 973 1984 1008 Monada·
2015 984 2106 1017 quac

1181 1030 1312 1066 dicitur
1334 1031 1408 1066 cod.
1424 1031 1536 1067 Berol.
1553 1031 1815 1076 Phillippsiano
1832 1035 1911 1067 1735
1930 1035 2010 1075 post
2034 1031 2106 1066 bre-

1182 1089 1336 1123 viarium
1367 1093 1399 1124 et
1423 1089 1495 1125 loeo
1524 1100 1588 1124 suo
1610 1093 1705 1124 mota
1728 1092 1811 1134 post
1835 1090 2034 1133 eataloyum
2058 1100 2108 1123 re-

1179 1158 1266 1192 yum
1290 1146 1518 1182 Francorum
1539 1147 1719 1190 finientem
1743 1147 1784 1181 in
1806 1146 1978 1191 Pippirw,
2007 1158 2108 1191 quem

1181 1203 1344 1239 dabimus
1376 1205 1480 1248 infra
1504 1205 1545 1238 in
1569 1205 1829 1239 enumeratione
1856 1204 2022 1238 codicum
2051 1204 2108 1238 de·

1182 1266 1418 1307 curtatorum,
1444 1263 1486 1297 in
1511 1262 1606 1297 libris
1629 1261 1764 1296 duobus
1787 1260 1980 1296 decurtatis
2005 1261 2108 1295 Pari-

1181 1320 1258 1354 sino
1282 1325 1375 1356 4409
1401 1320 1426 1363 s.
1445 1325 1509 1356 120
1539 1323 1570 1354 et
1595 1319 1768 1354 Vaticano
1798 1319 1940 1363 reyinae
1964 1323 2050 1354 1050
2078 1321 2108 1353 et

1181 1387 1254 1411 uno
1278 1377 1386 1420 pleno
1413 1377 1585 1412 Vaticano
1610 1375 1844 1412 ottoboniano
1867 1381 1951 1412 2225

1184 1459 1200 1492 1
1226 1461 1398 1493 annianus
1417 1460 1496 1493 libri
1559 1459 1781 1503 expectabilis
1799 1459 1893 1499 Ber.,
1909 1456 2110 1491 scolasticus

1182 1506 1338 1540 Paroa.
1434 1505 1455 1540 3
1480 1518 1561 1540 uero
1587 1507 1770 1549 magnifico
1795 1506 1874 1538 Ber.
1893 1504 1986 1545 (ante
2004 1506 2109 1546 corr.)

1229 1558 1262 1586 et
1287 1565 1350 1586 om.
1366 1553 1447 1586 Ber.
1524 1553 1677 1596 gaiarIco
1695 1552 1776 1585 Ber.
1882 1550 1905 1583 4
1930 1552 2021 1583 hunc
2045 1563 2108 1584 om.

1183 1599 1265 1632 Ber.
1347 1600 1462 1643 legum
1487 1600 1572 1632 iuris
1600 1598 1680 1631 Ber.
1698 1598 1778 1637 Oti,
1814 1599 1928 1641 legum
1954 1597 2038 1630 Par.

1183 1645 1204 1678 5
1223 1646 1387 1688 scriptum
1407 1645 1470 1678 Oct.
1532 1646 1660 1678 editum
1673 1644 1853 1685 Berfar„
1869 1644 2032 1677 traditum
2047 1643 2109 1675 Oct.

1229 1691 1250 1725 6
1275 1690 1376 1735 edidi]
1395 1692 1471 1725 dedi
1490 1691 1552 1724 Oti.
1624 1690 1643 1723 7
1670 1690 1717 1732 iii]
1742 1691 1790 1723 iiii
1809 1691 1870 1723 Oti.
1941 1688 1963 1722 8
1987 1690 2110 1722 domno

1183 1744 1298 1772 nostro
1315 1737 1397 1771 libri
1451 1738 1565 1771 alarici
1582 1736 1685 1780 regis]
1699 1738 1793 1779 Ber„
1809 1737 1936 1770 alarico
1954 1747 2032 1780 rege
2049 1736 2110 1769 022.

304 1875 406 1916 Quae
433 1875 469 1910 in
494 1874 552 1909 his
578 1874 825 1916 continentur,
852 1874 907 1910 ita
932 1874 1138 1911 ordinanda
1162 1875 1336 1910 videntur
1361 1887 1448 1911 esse.

220 1945 248 1980 1.
274 1944 451 1980 Formata
483 1947 539 1980 est
572 1945 716 1990 sylloge
748 1955 789 1979 ea:
813 1944 1066 1988 praeceptione
1090 1944 1230 1979 Alarici
1257 1945 1348 1989 reyis
1374 1945 1514 1988 (IILQ).

1565 1943 1667 1984 Quae
1699 1955 1742 1979 ea
1768 1942 2004 1979 continentur
2028 1954 2111 1977 cuin

275 2001 447 2037 dicantur
462 2002 553 2036 sicut
563 2005 792 2046 praeceptum
809 2005 857 2036 est
874 2002 1072 2047 emplanata
1089 2003 1130 2046 (I,
1141 2003 1188 2046 4),
1213 2002 1305 2037 item
1321 2002 1469 2037 clariori
1486 2001 1773 2045 interpretatione
1789 2000 1976 2045 composita
1995 2001 2054 2044 (ΙΙ,
2067 2000 2110 2044 7),

273 2059 359 2095 111ᾶο
394 2059 613 2105 colligemus
648 2059 953 2106 praeceptionem
986 2059 1085 2106 regis
1121 2060 1236 2095 etiam
1272 2060 1320 2095 ad
1353 2059 1699 2104 interpretationem
1737 2058 1963 2104 pervenisse,
2001 2069 2112 2102 quam

274 2128 364 2153 cave
388 2117 516 2153 credas
539 2117 778 2162 adsumptam
796 2129 874 2152 esse
897 2129 941 2152 ex
960 2117 1235 2153 commentariis
1253 2116 1500 2153 anterioribus
1519 2117 1576 2161 (cf.
1595 2128 1689 2161 quae
1714 2116 1810 2151 infra
1835 2115 2113 2151 adnotabuntur

273 2174 318 2211 de
344 2174 423 2210 cod.
442 2174 626 2210 Vaticano
651 2174 802 2219 reginae
828 2174 921 2217 520).
971 2175 1086 2209 Immo
1113 2186 1246 2220 corpus
1284 2186 1357 2210 non
1383 2186 1465 2210 vere
1492 2174 1704 2209 absolutum
1729 2185 1817 2214 esse,
1843 2173 1907 2209 sed
1931 2184 1974 2208 ex
1999 2171 2113 2206 mani-

273 2232 342 2268 bus
368 2232 601 2268 conditorum
633 2232 893 2278 imperfectum
925 2232 1047 2267 adhuc
1081 2235 1295 2278 exemptum
1329 2236 1367 2268 et-
1397 2232 1632 2277 publicatum
1667 2243 1739 2267 11011
1770 2231 1888 2266 solum
1921 2230 2112 2266 declarant

276 2290 405 2337 capita
429 2293 609 2332 extrema,
636 2302 732 2335 quae
762 2290 809 2325 ab
835 2289 983 2325 homine
1009 2302 1081 2325 non
1108 2289 1298 2325 imbecillo
1323 2289 1378 2325 ita
1403 2289 1440 2324 in
1467 2290 1600 2335 vulgus
1625 2288 1684 2325 edi
1709 2301 1781 2324 non
1807 2290 2024 2333 potuerunt,
2049 2287 2113 2323 sed

273 2348 388 2385 etiam
422 2348 700 2384 observationes
739 2347 885 2393 aliquot
922 2347 1171 2393 temporariae
1210 2347 1248 2382 in
1286 2359 1356 2382 uno
1395 2347 1520 2383 codice
1558 2346 1816 2391 antiquissimo
1844 2346 1879 2380 P
1914 2344 2112 2390 aliquoties

277 2406 478 2442 distinctae
496 2407 711 2442 charactere
737 2405 892 2447 diverso,
919 2405 957 2440 in
982 2405 1112 2440 multis
1137 2407 1263 2441 autem
1289 2405 1456 2447 omissae,
1483 2417 1574 2449 quas
1599 2407 1729 2440 auctor
1753 2404 1884 2440 tollere
1902 2402 2022 2438 voluit
2045 2414 2112 2438 nec

275 2463 417 2509 potuit,
449 2465 612 2510 exempli
637 2466 803 2509 causa¹):
835 2464 896 2498 lzoc
925 2463 969 2498 de
993 2464 1072 2498 iure
1095 2463 1303 2498 addendum
1328 2467 1377 2498 est
1403 2463 1465 2506 (ad
1483 2464 1533 2504 *2,
1547 2464 1579 2505 4,
1595 2463 1648 2507 6);
1679 2462 1770 2498 item
1801 2462 1856 2496 liic
1879 2461 1920 2497 de
1944 2462 2024 2496 iure
2048 2460 2112 2495 ad-

274 2520 447 2566 dendum,
485 2522 571 2566 quid
605 2522 652 2557 sit
679 2521 814 2565 fiducia
845 2521 1024 2566 (*5‚1‚3):
1061 2521 1116 2556 hic
1149 2521 1192 2556 de
1225 2521 1304 2556 iure
1333 2520 1555 2564 addendum,
1590 2531 1683 2564 quae
1715 2520 1761 2554 sit
1785 2530 1905 2564 poena
1935 2518 2114 2563 sacrilegii

274 2579 341 2623 (¹³6,
359 2580 390 2621 5,
404 2579 455 2624 2);
482 2580 540 2614 hic
563 2579 606 2614 de
630 2580 711 2614 iure
735 2578 970 2624 requiendum
995 2579 1039 2614 de
1062 2578 1272 2614 revocandis
1295 2578 1545 2614 donationibus
1570 2578 1615 2621 (8,
1631 2578 1684 2620 13,
1698 2578 1744 2622 2),
1772 2577 1862 2613 item
1887 2576 1945 2611 hie
1969 2575 2010 2610 de
2033 2576 2112 2610 iure

272 2636 490 2682 addendum,
515 2638 577 2682 qni
602 2637 878 2672 calumniatores
905 2648 975 2672 esse
995 2640 1148 2682 possunt
1175 2638 1220 2680 (9,
1236 2637 1290 2679 39,
1307 2637 1360 2680 3);
1387 2636 1502 2672 etiam
1528 2635 1753 2681 explicatius
1778 2634 1821 2669 de
1846 2633 2112 2674 retentionibus‚

275 2696 362 2740 quia
385 2695 448 2730 hoc
472 2695 529 2730 lex
552 2695 625 2729 ista
649 2706 725 2729 non
751 2694 926 2730 evidenter
950 2694 1120 2738 ostendit,
1153 2696 1193 2728 in
1216 2695 1314 2736 iure,
1347 2695 1410 2729 hoc
1434 2698 1483 2729 est
1507 2695 1547 2728 in
1574 2694 1687 2728 Pauli
1710 2693 1894 2728 sententiis
1917 2692 1982 2726 sub
2007 2692 2113 2726 titulo

272 2751 314 2787 de
336 2752 477 2787 dotibus
507 2751 760 2796 requirendum
793 2755 857 2786 aut
886 2755 977 2786 certe
1007 2752 1047 2786 in
1071 2752 1182 2786 Pauli
1206 2752 1382 2796 responsis
1411 2752 1475 2786 sub
1503 2751 1606 2786 titulo
1635 2750 1677 2785 (Ie
1707 2761 1744 2785 re
1772 2750 1905 2785 uoeoria
1937 2749 2111 2793 (3‚13‚2;

277 2809 452 2846 similiter
468 2809 630 2854 3‚16,2).
668 2809 726 2844 Ad
747 2809 934 2844 novellam
947 2809 1205 2846 Valentiniani
1222 2810 1267 2845 34
1292 2822 1374 2845 011111
1399 2810 1553 2845 adnotet
1578 2809 1760 2855 interpres
1785 2819 1880 2852 quae
1905 2807 1958 2842 ibi
1985 2818 2112 2842 caven-

273 2871 336 2904 tur
356 2868 401 2903 de
418 2866 558 2903 iudicio
582 2866 789 2912 episcopali
813 2867 997 2913 abrogata
1015 2879 1092 2903 esse
1117 2868 1188 2914 leqe
1206 2868 1397 2911 posteriore
1415 2867 1624 2910 Maioriani,
1651 2866 1682 2901 is
1707 2867 1809 2901 locus
1834 2877 1905 2900 non
1929 2863 2112 2910 reperitur

277 2924 314 2960 111
331 2924 534 2967 Breviario,
560 2936 787 2969 quamquam
810 2923 882 2960 fuit
906 2923 984 2959 sine
1008 2923 1120 2959 dubio
1144 2923 1181 2958 in
1204 2924 1353 2960 novella
1368 2923 1565 2960 Maioriani
1585 2923 1790 2959 undecima.
1832 2921 1924 2957 Iuris
1942 2922 2111 2967 prudens,

274 2982 339 3028 qui
362 2981 464 3018 iussu
487 2982 586 3028 regis
604 2981 745 3017 Alarici
769 2982 870 3028 leges
895 2982 1133 3027 explanabat,
1160 2981 1218 3016 his
1242 2981 1335 3017 locis
1360 2981 1450 3017 iuris
1474 2981 1588 3017 libros
1612 2993 1684 3016 non
1709 2982 1787 3016 tam
1812 2978 1975 3025 inspexit
1999 2990 2111 3024 quam

273 3040 471 3077 adnotavit
486 3040 737 3086 inspiciendos
756 3053 850 3082 esse;
875 3041 938 3075 sed
961 3040 1000 3075 id
1021 3043 1194 3077 eventum
1218 3052 1291 3075 non
1312 3039 1457 3075 habuit.
1497 3039 1665 3075 Ceterum
1686 3039 1885 3085 prudentes
1903 3036 2109 3072 Alariciani

273 3097 346 3134 etsi
371 3097 656 3134 constitutiones
680 3098 819 3134 multas
844 3097 1047 3133 omiserunt
1078 3099 1116 3132 et
1150 3108 1275 3132 earum
1302 3109 1395 3142 quas
1427 3098 1646 3142 receperunt
1671 3095 1799 3142 capita
1825 3095 2008 3141 quaedam
2038 3106 2110 3130 non

300 3213 326 3258 ¹)
349 3216 488 3248 Praeter
516 3216 609 3249 locos
639 3216 674 3248 in
707 3221 804 3249 textu
833 3216 991 3249 laudatos
1016 3215 1180 3248 eiusmodi
1210 3219 1309 3248 notae
1334 3215 1550 3258 reperiuntur
1575 3212 1624 3255 *2,
1639 3212 1669 3252 4,
1685 3212 1702 3244 1
1731 3211 1803 3253 (ubi
1833 3212 1959 3255 legitur
1983 3211 2044 3244 hoc
2069 3211 2111 3244 de

180 3261 256 3294 iure
280 3261 450 3294 adiectum
474 3267 521 3295 eet
551 3273 663 3295 errore
693 3261 826 3306 opinor)
856 3280 895 3284 —
923 3260 973 3301 ³⁶2,
988 3260 1043 3303 21,
1059 3260 1079 3293 2
1105 3279 1148 3284 —
1174 3259 1224 3302 *4,
1240 3260 1271 3302 6,
1287 3259 1308 3293 8
1333 3278 1377 3283 —-
1401 3260 1433 3301 4,
1448 3259 1538 3302 22‚2
1565 3260 1613 3298 (in
1638 3260 1710 3292 solo
1735 3259 1808 3291 cod.
1827 3257 1878 3301 E)
1905 3275 1947 3280 —
1971 3256 2004 3299 4,
2019 3256 2074 3299 23,
2091 3258 2107 3290 1

183 3305 233 3348 (in
249 3307 321 3341 solo
337 3308 410 3341 cod.
428 3307 480 3350 E)
500 3327 544 3331 —
568 3307 600 3349 5,
616 3308 645 3347 1,
661 3307 679 3341 1
697 3326 742 3331 -
765 3308 797 3350 5,
813 3308 842 3350 1,
857 3306 876 3340 7
894 3327 940 3333 —
956 3308 987 3347 5,
1003 3306 1034 3348 3,
1052 3308 1069 3340 1
1089 3306 1137 3348 (in
1155 3307 1227 3340 solo
1243 3307 1316 3340 cod.
1330 3306 1380 3348 E)
1400 3325 1440 3330 —
1461 3306 1534 3346 ⁵⁶16,
1550 3305 1579 3345 7,
1594 3304 1625 3338 3.
1667 3305 1806 3338 Codices
1830 3305 1865 3337 in
1889 3304 1942 3337 his
1967 3314 2109 3347 magno-

182 3363 261 3399 pere
285 3355 431 3390 variant.
455 3373 500 3378 —
525 3355 719 3389 Asteriseus
743 3355 902 3399 designat
925 3355 1019 3388 locos
1043 3354 1079 3387 in
1097 3353 1130 3386 P
1151 3354 1294 3397 scriptos
1319 3353 1515 3387 charactere
1541 3353 1685 3385 diverso.
