2501 3615
944 173 1208 209 —CIX—

250 280 283 319 4,
301 279 352 319 17,
367 277 388 313 3
408 279 511 312 inser.
539 282 589 321 p—u
614 288 693 312 cum
720 276 870 312 PMSK

251 337 283 374 4,
300 336 352 379 19,
370 336 398 377 1,
414 336 434 370 2
460 335 573 380 leges]
599 336 724 382 legum
749 355 793 360 —-

251 393 283 434 4,
298 392 389 433 20,3
406 392 535 427 subscr.
562 392 651 438 dat]
678 392 752 427 dat.
779 392 862 428 diae
889 412 931 417 -

205 470 379 514 Sumptas
403 479 480 504 esse
504 468 571 503 has
595 480 638 503 ex
659 469 862 515 exemplari
880 470 1007 505 eodem
1027 469 1221 515 probabile
1241 474 1296 506 est
1321 482 1438 515 neque
1456 472 1581 507 tamen
1601 472 1758 512 certum;
1785 473 1822 507 et
1849 474 1889 506 ut
1916 473 2040 517 plures

203 527 319 562 libros
344 525 502 571 scriptos
528 526 660 561 Petrus
684 527 745 562 hic
772 527 1004 567 adhibuerit,
1038 529 1135 562 certe
1168 540 1259 561 unus
1289 539 1414 562 eorum
1445 528 1517 563 fuit
1549 540 1592 564 ex
1626 528 1746 574 plenis
1777 532 1815 564 et
1846 533 2040 574 praeterea

204 585 365 630 ignotus.
407 583 503 618 Nam
521 584 652 619 ‘vetus'
671 583 701 618 15
719 585 783 629 qui
806 585 982 619 laudatur
1000 584 1047 619 ad
1069 584 1101 625 4,
1117 584 1147 625 8,
1163 585 1183 619 6
1209 584 1405 620 lectionem
1432 585 1692 631 suppeditavit
1717 598 1788 621 non
1807 587 2040 632 probabilem

205 642 250 685 (et
272 641 445 686 stipulata
477 641 689 678 coniectura
721 645 777 678 est
802 641 1049 677 audacissima
1080 644 1117 677 et
1150 641 1435 687 infelicissima),
1469 643 1533 678 sed
1564 655 1635 678 non
1670 643 1862 680 inventam
1893 644 1930 680 in
1964 645 2039 681 ullo

203 699 299 735 libro
323 699 433 735 hodie
459 701 558 735 noto.

146 763 178 798 6.
203 761 310 798 Folia
342 762 466 798 lacera
501 762 709 799 Pithoeana
740 762 851 798 hodie
884 762 1022 798 inserta
1045 761 1230 797 Vaticano
1261 761 1410 807 reginae
1436 763 1503 797 520
1535 763 1558 797 f.
1577 764 1630 799 95.
1649 764 1692 799 96
1725 764 1875 800 Cuiacio
1909 778 2041 812 suppe-

203 819 419 856 ditaverunt
450 819 605 855 titulum
637 820 684 855 ad
718 822 868 855 senatus
899 819 1107 855 consultum
1139 818 1383 854 Claudianum
1418 819 1567 865 aliaque
1601 821 1829 866 pertinentia
1861 823 1908 858 ad
1940 824 1963 858 l.
1989 824 2040 858 IV

201 879 251 923 (p.
269 877 480 922 LXXXVI).
530 878 664 914 Iisdem
696 876 842 913 schedis
872 889 958 912 usus
989 879 1045 912 est-
1077 878 1175 912 teste
1200 876 1346 911 Blumio
1378 876 1416 911 111
1443 878 1585 913 edenda
1617 879 1699 924 lege
1724 880 2039 926 Burgundionum.

147 947 179 982 7.
204 945 259 981 Ex
281 945 540 981 Bellovacensi
565 945 702 986 codice,
729 946 795 980 sub
820 957 892 989 quo
918 944 1064 980 nomine
1089 956 1111 979 a
1129 944 1286 980 Pithoeo
1311 945 1488 981 laudatur
1513 945 1550 980 in
1578 948 1781 992 exemplari
1807 948 1873 984 illo
1898 949 2039 984 Sichar-

203 1002 338 1038 dianae
370 1001 562 1044 editionis,
597 1001 707 1038 hodie
739 1000 920 1047 bipertito
952 1001 1067 1037 Paris.
1085 1001 1177 1036 9652
1210 1004 1248 1037 et
1279 1002 1370 1038 4406
1395 1004 1443 1047 (p.
1464 1002 1594 1047 XCIX)
1628 1004 1651 1038 f.
1676 1005 1832 1047 60-67,
1867 1006 2040 1042 Cuiacius

202 1059 323 1096 edidit
347 1060 487 1106 primus
513 1062 659 1106 partem
684 1059 925 1094 Novellarum
952 1058 1160 1094 Maioriani.

143 1129 175 1164 8.
202 1129 243 1164 111
280 1127 466 1175 principio
499 1127 748 1164 Theodosiani
783 1128 962 1164 Pithoeus
998 1128 1095 1163 filius
1132 1128 1270 1164 codicis
1307 1128 1416 1163 unius
1454 1128 1615 1166 indicem
1652 1131 1820 1167 enotavit
1854 1132 1905 1167 516
1941 1133 2040 1176 (vide

201 1197 314 1232 supra
332 1198 367 1231 p.
382 1185 536 1221 LXXIX
551 1187 629 1221 not.
647 1185 697 1229 1):
723 1189 786 1221 vet.
804 1186 932 1230 incipit
955 1186 1012 1220 lea:
1030 1185 1208 1221 Romana.
1251 1186 1301 1220 In
1323 1185 1388 1220 hoc
1413 1197 1558 1231 corpore
1583 1188 1808 1222 continentur
1825 1189 1906 1223 libri
1930 1191 2042 1234 leywm,

202 1243 454 1279 Romamrum
474 1242 710 1277 Theodosmm
735 1235 782 1278 ῑῖῑ)
801 1243 917 1286 XVI,
949 1243 1168 1278 novellarum
1192 1235 1237 1277 2313
1259 1243 1297 1286 V,
1325 1243 1399 1278 Gai
1423 1237 1468 1278 m>
1485 1244 1520 1286 I,
1552 1245 1662 1279 Pauli·
1686 1238 1731 1280 ὦ
1756 1246 1794 1289 V,
1825 1247 2040 1291 emm-iam·

202 1300 482 1346 Hermoyeniani
506 1304 537 1335 et
560 1300 722 1344 Papiam'
746 1300 828 1335 libri
851 1301 994 1345 sinyztli.
1043 1300 1280 1346 Praescripta
1305 1313 1349 1336 ea
1374 1313 1458 1336 cum
1483 1301 1640 1338 totidem
1666 1303 1786 1339 verbis
1817 1305 1971 1341 redeant
2002 1306 2039 1341 in

201 1358 395 1394 decurtato
421 1357 590 1393 Parisino
615 1357 705 1393 4409
732 1357 831 1402 (vide
857 1370 970 1403 supra
994 1370 1029 1404 p.
1048 1358 1210 1402 XCVII),
1239 1358 1415 1394 Pithoeus
1440 1372 1523 1394 eum
1550 1359 1697 1395 videtur
1721 1362 1968 1406 usurpavisse.

141 1427 175 1462 9.
201 1427 561 1473 Montispessulanus
592 1428 638 1464 84
672 1427 828 1463 fortasse
861 1429 904 1462 ut
937 1426 1148 1463 auctarium
1179 1427 1281 1472 prius
1310 1429 1361 1473 (p.
1385 1428 1555 1473 LXXXI)
1593 1429 1649 1465 ita
1680 1430 1958 1467 adnotationem
1992 1433 2040 1468 ad

198 1485 232 1526 9,
248 1486 278 1527 1,
294 1485 337 1520 14
362 1484 514 1521 Cuiacio
539 1484 810 1531 suppeditavit.

121 1554 172 1589 10.
198 1553 300 1594 Quae
325 1553 379 1589 sic
405 1565 448 1589 ex
466 1553 609 1590 Cuiacii
626 1553 899 1600 marginalibus
918 1554 966 1589 ad
983 1554 1282 1590 Theodosia-num
1309 1556 1452 1590 restant
1477 1567 1549 1590 non
1574 1557 1765 1592 referenda
1790 1558 1838 1592 ad
1858 1557 2038 1604 originem

199 1612 358 1646 certam:
385 1610 522 1647 Comm.
549 1631 592 1636 —
618 1613 649 1654 2,
665 1611 732 1653 6,3
757 1632 800 1637 -
829 1613 860 1653 2,
878 1612 930 1654 12,
946 1612 966 1646 6
991 1632 1036 1637 ——
1061 1612 1198 1654 5‚17‚2
1223 1615 1262 1648 et
1286 1624 1437 1648 numero
1463 1625 1584 1658 pauca
1609 1617 1695 1650 sunt
1722 1616 1759 1649 et
1784 1627 1850 1660 per
1874 1627 1911 1650 se
1938 1615 2039 1651 levia

197 1670 355 1714 excepta
379 1680 453 1704 una
477 1668 749 1715 subscriptione
775 1668 1018 1715 Karolingica
1045 1669 1334 1705 Commonitorii.
1377 1670 1430 1705 Ea
1459 1673 1584 1706 tamen
1609 1673 1651 1706 ut
1676 1684 1742 1716 per
1766 1684 1803 1708 se
1829 1672 1966 1708 sufficit
1991 1674 2039 1708 ad

199 1724 524 1761 demonstrandum
550 1738 662 1761 unum
688 1729 787 1763 certe
814 1726 979 1762 codicem
1005 1726 1115 1763 hodie
1141 1727 1375 1772 deperditum
1400 1740 1421 1763 a
1447 1727 1598 1763 Cuiacio
1624 1732 1843 1774 usurpatum
1869 1742 1956 1772 esse,
1983 1730 2039 1766 ita

198 1783 380 1818 accedunt
405 1795 450 1820 ex
474 1783 644 1820 Novellis
670 1784 938 1820 Theodosianis
964 1787 1184 1830 argumenta
1209 1784 1301 1826 alia,
1332 1797 1426 1829 quae
1455 1785 1491 1820 in
1518 1785 1626 1821 huius
1652 1785 1826 1822 editionis
1853 1787 2038 1823 volumine

202 1840 321 1876 altero
345 1841 466 1877 socius
490 1841 612 1887 operis
630 1842 767 1877 Paulus
783 1842 911 1887 Meyer
934 1841 1151 1888 explicabit.
1193 1842 1365 1878 Codicem
1391 1855 1473 1878 eum
1500 1843 1651 1888 plenum
1667 1843 1899 1880 Breviarium
1923 1845 2038 1880 habu—

201 1897 274 1934 isse
297 1910 372 1934 non
397 1898 625 1942 crediderim,
653 1899 830 1944 quoniam
855 1900 971 1935 talem
996 1899 1025 1934 si
1052 1899 1225 1935 Cuiacius
1250 1900 1492 1942 adhibuisset,
1521 1900 1660 1936 indicia
1685 1901 1763 1936 eius
1789 1902 1898 1947 plura
1924 1914 2037 1948 appa-

201 1959 335 1999 rerent,
360 1968 428 1992 nec
452 1956 572 2003 magis
598 1957 801 2003 epitomam
818 1957 1076 2004 Aegidianam,
1103 1957 1279 2002 quoniam
1305 1970 1348 1993 ex
1374 1958 1479 1994 libris
1505 1958 1582 1994 eius
1608 1958 1871 1995 auctoritatem
1896 1959 2037 1995 Alarici

201 2013 428 2050 habentibus
459 2015 586 2050 nullus
618 2015 684 2051 dat
713 2015 1025 2061 subscriptionem
1050 2015 1319 2057 Alaricianam,
1353 2015 1430 2051 sine
1462 2029 1535 2061 qua
1559 2016 1801 2063 Kal-olingica
1825 2017 1941 2062 recipi
1966 2030 2037 2053 non

201 2071 338 2116 potuit.
379 2073 439 2108 Ita
462 2084 506 2107 ex
524 2073 801 2108 decurtatorum
826 2073 953 2118 aliquo
974 2073 1119 2109 videtur
1136 2073 1333 2119 desumpta
1359 2086 1447 2115 esse,
1473 2086 1627 2118 quorum
1653 2073 1691 2109 in
1716 2075 1888 2117 editione,
1916 2075 2038 2119 qualis

201 2131 258 2164 est
283 2129 496 2172 Cuiacia-na,
523 2130 560 2165 in
585 2130 674 2166 solis
695 2130 917 2166 Alaricianis
943 2134 980 2167 et
1005 2130 1043 2165 in
1068 2130 1404 2177 subscriptionibus
1430 2131 1671 2168 Novellarum
1699 2132 1858 2178 vestigia
1883 2133 2037 2178 reperiri

199 2186 383 2224 rationem
408 2187 535 2224 habet.

107 2254 209 2291 Haec
234 2253 392 2292 dicenda
416 2255 565 2293 fuerunt
591 2257 635 2294 de
660 2259 864 2303 apparatu,
890 2270 962 2302 quo
989 2258 1162 2294 Cuiacius
1187 2270 1273 2294 usus
1299 2260 1354 2293 est
1380 2270 1411 2293 a.
1433 2258 1530 2293 1566.
1576 2259 1654 2293 Iam
1681 2258 1869 2294 videamus
1896 2260 1940 2295 de
1966 2260 2036 2294 col-

106 2311 288 2348 lectaneis
313 2312 530 2349 Pithoeanis
554 2316 592 2350 et
617 2315 816 2351 coniuncta
841 2327 924 2350 cum
950 2315 996 2351 iis
1021 2315 1184 2352 editione
1210 2315 1412 2351 Cuiaeiana
1438 2316 1569 2351 altera.

223 2397 411 2434 PETRVS
441 2399 682 2435 PITHOEVS
714 2400 813 2436 fflius
844 2401 1106 2445 (1539—1596)
1141 2402 1188 2437 ad
1224 2402 1433 2446 exemplum
1469 2414 1574 2437 suum
1609 2401 1783 2437 editionis
1815 2403 2036 2440 Cuiacianae
2107 2410 2308 2443 PETRVS

107 2454 244 2502 prioris
267 2456 505 2492 adservatum
529 2457 640 2493 hodie
665 2457 703 2493 in
728 2458 962 2495 bibliotheca
979 2458 1149 2495 Parisina
1175 2459 1328 2504 publica
1351 2459 1516 2503 (Reserve
1532 2460 1601 2503 F³,
1626 2470 1709 2503 non,
1735 2462 1777 2494 ut
1802 2459 1858 2495 ait
1882 2460 2034 2503 Haenel,
2083 2467 2278 2501 PJTHOE
2288 2467 2346 2502 VS

107 2513 182 2558 ΙΝ)
199 2525 295 2558 quae
313 2513 510 2550 adnotavit
528 2515 587 2551 vel
609 2515 648 2550 in
671 2514 772 2550 foliis
789 2516 1015 2561 praepositis
1032 2516 1250 2562 perscripsit
1268 2517 1327 2559 (de
1349 2516 1407 2551 his
1425 2515 1628 2562 diligenter
1644 2516 1816 2561 exposuit
1834 2516 2035 2553 Haenelius

107 2570 210 2616 apud
236 2570 490 2607 Hauboldium
520 2583 644 2617 opusc.
662 2572 684 2607 2
708 2584 744 2618 p.
762 2573 830 2608 915
861 2576 900 2609 et
925 2573 1064 2609 Theod.
1090 2586 1126 2619 p.
1146 2573 1315 2618 XLVII),
1350 2585 1394 2609 ea
1426 2576 1469 2609 ut
1500 2575 1683 2618 quaedam
1716 2574 1960 2620 suppeditant
1992 2575 2038 2609 ad

108 2627 277 2663 codicum
310 2627 493 2674 originem
525 2629 787 2665 declarandam
818 2630 946 2672 utilia,
980 2630 1017 2665 in
1051 2630 1110 2665 1115
1141 2643 1236 2675 quae
1268 2643 1381 2676 supra
1411 2643 1448 2676 p.
1465 2631 1583 2666 LXIX
1609 2631 1805 2667 attulimus
1837 2631 1880 2667 de
1912 2631 2038 2667 codice

106 2684 326 2727 Vesontino,
351 2685 408 2721 ita
433 2685 494 2720 vix
519 2685 719 2731 quicquam
746 2687 889 2722 habent
913 2687 1012 2731 quod
1036 2687 1085 2722 ad
1109 2689 1252 2723 textum
1280 2687 1529 2724 Theodosiani
1554 2688 1809 2733 ampliandum
1836 2688 1894 2723 vel
1919 2700 2037 2724 emen-

40 2739 45 2742 *
109 2742 270 2778 dandum
292 2742 498 2789 perveniat.
542 2743 714 2779 Cuiacius
739 2743 810 2779 etsi
835 2743 873 2778 in
895 2743 1062 2781 editione
1086 2745 1207 2790 priore
1226 2745 1423 2781 Pithoeum
1447 2745 1656 2781 adiutorem
1679 2745 1823 2788 habuit,
1851 2745 2036 2782 volumine

107 2799 178 2836 hoc
206 2812 280 2836 non
309 2813 415 2836 usum
446 2812 524 2837 esse
555 2802 602 2836 ad
631 2800 832 2837 editionem
856 2802 1055 2838 secundam
1080 2803 1287 2848 parandam
1312 2804 1397 2839 inde
1424 2803 1630 2850 colligitur,
1663 2804 1761 2848 quod
1791 2806 1966 2849 excerpta
1991 2816 2034 2839 ex

107 2857 315 2904 appendice
339 2858 520 2905 Kruegeri
545 2859 706 2895 secunda
731 2858 770 2893 in
794 2859 904 2894 huius
931 2859 1128 2895 voluminis
1153 2861 1252 2895 foliis
1278 2861 1502 2906 praepositis
1527 2861 1735 2907 perscripta
1760 2863 1808 2906 (p.
1827 2861 2033 2906 LXXXIII)

107 2915 222 2951 etiam
252 2915 301 2951 ab
332 2915 498 2952 editione
522 2928 555 2952 a.
576 2916 664 2951 1586
697 2916 842 2951 absunt.
868 2938 915 2943 —
940 2917 993 2952 De
1020 2917 1339 2959 Gothofredianis,
1373 2930 1467 2962 quae
1499 2920 1648 2963 praet-er
1672 2918 1881 2954 Pithoeana
1911 2918 1951 2953 in
1975 2918 2034 2953 his

106 2972 413 3009 adnotationibus
437 2973 585 3015 adsunt,
610 2973 706 3009 infra
731 2973 884 3009 dicetur.

219 3041 250 3077 E
267 3041 451 3078 contrario
477 3041 641 3078 eiusdem
666 3042 842 3079 editionis
863 3043 1022 3079 alterum
1040 3044 1249 3089 exemplum
1268 3044 1466 3079 secundam
1490 3044 1692 3081 editionem
1710 3044 1950 3080 Cuiacianam
1975 3044 2031 3080 ita

106 3097 280 3143 praeivit,
305 3100 349 3134 ut
372 3098 466 3134 haec
483 3099 753 3143 quodammodo
779 3112 822 3136 ex
848 3112 890 3136 eo
916 3101 1126 3136 descendat.
1166 3101 1208 3135 Id
1235 3100 1504 3137 FRANCISCO
1530 3101 1742 3136 PITHOEO
1769 3102 2029 3147 (1543—1621)
2064 3101 2314 3134 FBANC'ISC'
2322 3102 2381 3135 VS

106 3153 210 3190 Petri
232 3155 340 3191 fiatri
366 3155 503 3191 donum
528 3156 631 3193 dedit
655 3160 878 3203 praeceptor
901 3160 1059 3194 fratrum
1084 3158 1273 3200 Cuiacius;
1300 3159 1520 3205 inscriptum
1545 3163 1600 3195 est
1625 3171 1736 3195 manu
1761 3159 1919 3195 Cuiacii:
1943 3160 2029 3195 ‘Iac.
2083 3159 2141 3192 ΡΙ
2146 3158 2281 3191 THOE
2288 3158 2344 3192 VS

109 3210 282 3248 Cuiaeius
305 3212 362 3248 Fr.
381 3212 516 3249 Pitheo
543 3213 622 3259 [516]
648 3215 682 3250 d.
700 3215 757 3257 d.'‚
782 3216 873 3251 item
897 3228 1007 3251 manu
1031 3216 1196 3252 Pithoei:
1220 3216 1463 3253 ‘liberalitate
1489 3216 1762 3262 praeceptoris'.
1803 3216 2031 3261 Usurpatum
2051 3216 2123 3248 ΕΤ
2138 3215 2378 3249 CVIACIVS

107 3269 165 3303 eet
180 3268 314 3306 deinde
339 3281 362 3305 a
377 3270 533 3307 Daniele
552 3270 788 3317 (inscriptum
804 3266 862 3309 est
884 3273 1020 3309 eidem:
1046 3285 1068 3307 a
1087 3274 1206 3309 illone.
1227 3274 1340 3308 Pm'lle
1360 3285 1559 3318 procureur
1582 3286 1632 3308 au
1657 3274 1820 3318 bailzmqe
1841 3273 2031 3309 d’Orleans
2166 3276 2260 3308 1586

107 3324 276 3370 ἰοίρηαητ
297 3327 329 3362 le
344 3327 449 3372 coiny
465 3327 508 3362 de
525 3329 562 3362 la
578 3328 684 3364 lame
700 3327 800 3374 pou'r
814 3331 908 3373 faire
924 3331 1145 3365 immztinent
1166 3331 1258 3365 tenir
1273 3342 1296 3365 α
1317 3331 1434 3366 Mons.
1449 3331 1588 3366 Daniel
1604 3331 1718 3365 Bailli
1735 3330 1776 3365 cle
1791 3330 1840 3366 St.
1854 3331 2029 3376 Benoist).

107 3380 249 3419 Deinde
276 3396 351 3421 una
376 3395 460 3420 cum
484 3385 604 3421 altero
629 3386 860 3424 Pithoeanae
885 3387 1138 3425 bibliothecae
1163 3387 1366 3434 exemplari
1392 3388 1451 3423 1⁴¹³
1476 3399 1534 3431 eo,
1563 3389 1606 3424 de
1632 3399 1703 3433 quo
1728 3388 1836 3423 modo
1862 3387 2030 3430 diximus,
