2485 3615
1189 146 1232 152 -
1281 124 1401 161 LVIII

374 230 510 266 dantur
534 229 793 268 Institutiones
819 229 1015 266 Iustiniani
1048 229 1117 265 sic:
1151 258 1159 266 .
1186 257 1193 264 .
1221 257 1228 265 .
1256 229 1315 264 ,ἀί
1345 229 1388 264 de
1418 229 1554 264 duobus
1582 233 1707 265 noceat
1737 241 1779 266 ex
1811 231 1948 268 duobus
1975 231 2048 268 reis
2071 232 2306 278 promettendi

373 289 467 323 alius
499 289 540 323 in
574 289 662 324 diem
693 315 1044 325 ...........
1077 287 1227 332 obligari
1246 291 1368 332 potest.
1403 287 1496 322 Irist.
1523 288 1578 323 lib.
1605 280 1678 322 HI
1703 292 1727 323 t.
1750 290 1856 324 XVI
1879 291 1959 335 kap.
1983 291 2313 326 CCCLXXXIII

375 347 431 390 (=
455 347 543 381 Inst.
567 347 598 388 3,
617 347 668 388 16,
683 347 728 391 2).
779 346 916 391 Capita
949 347 1041 381 haec
1071 346 1166 381 Max.
1188 345 1325 382 Conrat
1359 346 1405 382 ad
1438 346 1622 382 Iulianum
1652 347 1839 393 pertinere
1873 348 2064 385 existimat
2097 350 2262 394 (Qaellen
2288 350 2304 384 I

373 415 408 448 p.
425 404 470 438 58
497 407 572 439 not.
587 404 622 448 6)
649 406 846 449 propterea
872 404 970 447 quod
995 402 1088 438 alibi
1114 403 1370 440 institutiones
1401 404 1448 439 ad
1474 404 1602 449 capita
1632 417 1704 440 non
1733 406 1969 452 adlegentur;
2001 407 2065 442 scd
2095 418 2138 442 ea
2164 406 2305 442 coniec-

372 463 457 496 tura
487 461 582 496 mihi
612 473 684 496 non
717 461 906 506 probatur.
955 461 1042 505 Ipsa
1071 472 1128 496 res
1158 461 1367 507 significare
1394 462 1540 498 videtur
1570 462 1734 498 codicem
1766 463 1945 508 scriptum
1976 475 2053 499 esse
2084 464 2122 499 in
2152 464 2304 511 regione

373 519 517 563 aliqua,
550 530 644 563 quae
677 521 788 554 antea
818 529 885 552 usa
911 517 1168 554 Theodosiano
1194 519 1326 555 deinde
1352 519 1408 554 ius
1434 519 1681 554 Iustinianum
1714 521 1917 566 adoptarit.
1966 521 2147 557 Similiter
2172 533 2305 567 corpus

373 575 511 611 Romae
537 576 735 611 formatum
752 575 999 621 gromaticum
1024 576 1063 610 in
1088 576 1299 613 recensione
1322 577 1533 622 antiquiore
1552 577 1811 614 Theodosiana
1836 581 2012 625 excerpta
2037 579 2116 615 sola
2141 579 2304 622 exhibet,

373 632 412 667 in
437 632 640 668 recentiore
666 634 860 678 praeterea
884 632 1103 669 Iustiniana.

294 747 337 780 W
489 746 727 781 Taurinensis
752 746 1005 784 bibliothecae
1037 748 1212 794 publicae
1242 750 1332 786 folia
1362 751 1435 786 tria
1467 754 1505 787 et
1532 750 1668 786 codicis
1687 751 1862 787 Vaticani
1887 752 1977 787 5766
2007 752 2099 788 folia
2130 752 2302 788 undecim

373 805 430 848 (=
454 804 595 839 Haenel
620 805 650 848 Ι)
686 806 832 849 partem
866 805 1010 841 faciunt
1044 807 1181 842 codicis
1214 808 1457 844 collationum
1489 808 1657 844 Cassiani
1689 810 1789 855 (opp.
1816 810 1831 844 1
1869 822 1904 855 p.
1923 810 2028 845 XXX
2065 810 2304 856 Petschenig)

371 861 503 907 scripti
528 874 622 898 saec.
638 861 764 907 V1111)
790 862 932 909 origine
957 865 1151 900 Bobiensis
1178 868 1403 909 (recensetur
1434 866 1471 901 in
1503 867 1711 903 inventario
1738 879 1769 902 a.
1792 867 1876 902 1461
1904 867 1971 902 sub
1997 879 2032 902 n.
2050 868 2096 902 44
2121 867 2191 902 sic:
2217 867 2303 902 ‘col-

370 918 551 954 lationum
578 922 727 965 patrum
752 921 873 966 prima
897 934 983 967 pars
1010 923 1188 959 videlicet
1214 924 1366 960 collatio
1383 925 1490 960 VIII:
1518 925 1694 960 deficiunt
1719 924 1837 970 prime
1856 925 1922 959 VI'
1947 924 2090 970 [immo,
2116 928 2160 961 ut
2184 925 2305 960 obser-

373 978 436 1011 vat
462 976 625 1019 Patetta,
650 977 884 1014 ‘collationes
901 979 1006 1014 VIII:
1037 981 1213 1016 deficiunt
1244 981 1362 1026 prime
1389 982 1475 1027 II']).
1524 983 1559 1016 Is
1590 994 1728 1028 magna
1759 995 1803 1019 ex
1833 985 1943 1028 parte
1973 984 2146 1018 exaratus
2177 985 2233 1017 est
2266 982 2304 1017 iu

369 1033 593 1069 membranis
618 1035 819 1078 deleticiis‚
851 1036 1144 1083 fragmentorum
1170 1038 1262 1073 iuris
1287 1039 1410 1074 civilis
1427 1039 1712 1083 Vaticanorum,
1739 1040 1835 1086 legis
1860 1040 2050 1076 Romanae
2073 1040 2305 1086 Burgundio-

370 1104 466 1133 num,
493 1091 661 1136 denique,
687 1095 730 1127 ut
755 1093 924 1136 diximus,
945 1095 1204 1131 Theodosiani.
1245 1097 1511 1133 Vaticanorum
1536 1098 1706 1133 foliorum
1725 1098 1868 1133 variam
1886 1097 2084 1133 lectionem
2103 1097 2306 1144 diligenter

370 1151 562 1185 enotatam
585 1150 729 1195 publici
757 1150 847 1186 iuris
871 1152 962 1188 fecit
979 1153 1099 1188 Maius
1126 1153 1230 1197 (iuris
1257 1154 1325 1189 ciV.
1344 1154 1519 1191 anteiust.
1542 1155 1733 1200 reliquiae.
1759 1156 1898 1192 Romae
1919 1155 2006 1190 1823
2034 1167 2096 1201 pp.
2110 1155 2305 1199 23—104)‚

370 1206 652 1243 Taurinensium
670 1208 818 1244 brevem
836 1209 1011 1245 notitiam
1037 1210 1139 1246 dedit
1156 1211 1299 1256 Peyron
1324 1224 1398 1247 una
1423 1224 1505 1248 cum
1530 1212 1668 1249 notitia
1694 1213 1833 1248 codicis
1849 1213 2043 1248 Bobiensis
2069 1212 2233 1254 alterius,
2259 1212 2304 1246 de

370 1277 442 1309 quo
468 1277 579 1310 supra
609 1278 644 1311 p.
664 1266 822 1301 XXXIX
847 1267 1070 1303 rettulimus.
1119 1269 1196 1304 Nos
1227 1269 1303 1304 illis
1335 1269 1475 1305 utimur
1506 1270 1793 1316 diligentissime
1820 1270 2016 1316 descriptis
2051 1282 2073 1305 a
2098 1270 2304 1316 Krueger03

370 1322 630 1365 Taurinensia,
657 1336 753 1368 quae
786 1327 871 1369 post
902 1325 1109 1370 Peyronum
1139 1327 1202 1362 diu
1235 1327 1427 1363 latuerunt
1460 1329 1626 1372 adeoque
1661 1329 1907 1364 credebantur
1937 1327 2153 1374 deperdita,
2188 1339 2307 1373 nuper

369 1381 543 1415 accurate
569 1380 686 1416 edidit
704 1381 910 1417 Fridericus
928 1383 1082 1420 Patetta
1109 1385 1330 1429 (frammenti
1351 1386 1511 1420 Torinesi
1535 1386 1593 1421 del
1611 1386 1738 1421 Codice
1761 1386 1981 1421 Teodosiano
2006 1385 2044 1420 in
2069 1385 2166 1421 actis
2189 1384 2306 1420 maio-

368 1437 470 1471 ribus
496 1438 599 1473 acad.
619 1438 856 1474 Taurinensis
881 1452 947 1476 ser.
967 1441 1001 1475 II
1026 1444 1115 1477 tom.
1132 1443 1177 1476 45
1203 1454 1236 1477 a.
1258 1443 1345 1478 1896
1370 1456 1406 1488 p.
1427 1444 1611 1478 128-146
1644 1455 1727 1478 cum
1753 1444 1917 1488 epitoma
1943 1443 2140 1478 Balaam-o
2164 1442 2305 1477 dezl’In-

369 1496 490 1530 stitato
521 1495 560 1530 di
590 1496 713 1531 dio-iao
739 1497 904 1533 Romano
937 1499 1007 1534 vol.
1031 1500 1053 1534 8
1083 1511 1115 1534 a.
1137 1500 1225 1536 1895
1258 1513 1294 1546 p.
1318 1500 1539 1546 302—304).
1575 1521 1614 1526 —
1652 1501 1882 1537 Litteratura
1913 1513 1985 1536 non
2017 1504 2073 1537 est
2104 1501 2303 1536 admodum

369 1553 526 1598 antiqua
535 1567 542 1595 ;
570 1566 594 1588 a
619 1565 730 1599 saepe
757 1558 889 1600 aperta
915 1559 971 1592 est
996 1569 1167 1602 superne,
1200 1557 1300 1593 linea
1326 1570 1420 1603 quae
1446 1571 1480 1593 m
1504 1561 1776 1604 repraesentat,
1810 1559 1902 1595 item
1933 1562 1974 1594 nt
1997 1558 2142 1604 ligatae
2167 1558 2303 1593 adsunt

370 1611 483 1646 etiam
509 1611 547 1646 in
574 1612 740 1647 versibus
765 1612 912 1655 mediis;
943 1626 969 1648 a
994 1617 1079 1660 post
1104 1627 1125 1660 q
1153 1616 1292 1661 passim
1318 1617 1481 1652 cernitur
1506 1629 1619 1662 supra
1645 1629 1800 1653 versum.
1828 1638 1870 1641 —
1896 1617 1937 1651 In
1965 1615 2301 1661 subscriptionibus

370 1669 538 1704 consules
562 1681 635 1705 non
660 1681 743 1704 raro
769 1670 916 1714 desunt,
948 1672 1062 1708 etiam
1087 1674 1316 1718 frequentius
1342 1674 1485 1710 numeri
1510 1674 1638 1709 omissi
1663 1676 1749 1709 sunt
1774 1674 1907 1720 spatiis
1924 1673 2051 1709 vacuis
2075 1673 2230 1710 relictis.
2256 1694 2300 1699 —

369 1725 553 1772 Paginae,
580 1738 674 1771 quae
699 1739 772 1762 non
798 1731 883 1764 sunt
915 1732 1080 1766 resectae
1113 1734 1150 1767 et
1180 1731 1349 1777 integrae
1382 1732 1473 1774 fere,
1504 1732 1646 1767 habent
1678 1733 1896 1777 plerumque
1928 1743 2053 1766 versus
2077 1732 2123 1767 34
2148 1731 2225 1771 (sed
2250 1730 2303 1766 in—

370 1783 571 1820 veniuntur
606 1787 788 1830 quaedam
825 1799 882 1822 vv‚
908 1786 963 1822 32.
981 1788 1037 1823 33
1056 1788 1110 1823 35.
1129 1788 1186 1833 36)
1222 1788 1433 1825 litterarum
1469 1802 1498 1825 c.
1525 1791 1578 1824 54.
1611 1811 1655 1815 —
1690 1789 1862 1825 Rubricis
1897 1791 1935 1825 et
1969 1788 2303 1825 constitutionibus

369 1842 512 1878 numeri
546 1843 699 1889 passim,
736 1845 800 1880 sed
830 1858 904 1881 non
936 1849 1152 1882 constanter
1182 1847 1454 1884 adscribuntur.
1487 1869 1530 1873 ——
1563 1848 1769 1894 Supersunt
1800 1847 1838 1883 in
1871 1847 1971 1883 foliis
2003 1846 2302 1893 quattuordecim

369 1900 462 1935 haec
489 1912 532 1935 ex
558 1901 665 1937 libris
690 1903 787 1938 XIV.
807 1904 886 1939 XV.
906 1904 1002 1940 XVI.

441 1981 457 2015 1
486 1981 529 2025 (Τ
543 1983 568 2026 ¹)
612 1983 664 2025 14,
678 1982 744 2025 3,5
793 1983 886 2019 idem
911 1995 970 2020 eas
999 1986 1048 2031 (p.
1069 1987 1149 2031 774)
1177 2007 1217 2012 —
1247 1988 1299 2029 14,
1314 1987 1345 2029 3,
1362 1987 1404 2022 13
1428 1988 1565 2032 corpori
1590 1987 1683 2033 [rJes
1701 2015 1708 2022 .
1729 2015 1762 2022 ..
1788 1988 1826 2032 (p
1857 1987 1947 2032 776).
2002 1987 2044 2039 In
2074 1986 2144 2022 fine
2176 1988 2302 2022 rectae

795 2042 950 2079 Patetta
975 2044 1048 2079 sibi
1075 2044 1174 2080 visus
1199 2048 1256 2081 est
1282 2045 1406 2081 videre
1432 2049 1561 2082 notam
1587 2058 1628 2081 ιε.

438 2097 460 2131 2
486 2097 568 2142 (V1)
612 2099 664 2141 14,
677 2098 747 2142 4,3
788 2101 906 2144 pania
934 2112 996 2145 per
1027 2102 1186 2147 singulos
1217 2104 1265 2148 (p.
1291 2103 1370 2148 780)
1402 2123 1443 2128 ———
1477 2104 1610 2145 14,4,6
1636 2106 1905 2147 praeceptorum
1936 2102 1986 2147 (p.
2011 2101 2102 2146 781).
2157 2101 2199 2136 In
2232 2100 2301 2135 fine

796 2170 922 2194 versae
940 2159 1094 2195 Patetta
1120 2160 1215 2195 vidit
1240 2164 1367 2197 notam
1386 2162 1449 2202 ΙΙΙ,
1477 2162 1541 2196 sed
1565 2173 1647 2197 eam
1672 2164 1785 2207 negat
1810 2160 2015 2196 Franchius
2039 2158 2170 2194 haberi
2195 2169 2302 2203 posse

796 2228 862 2261 pro
892 2220 982 2253 nota
1013 2218 1284 2262 quaternionis,
1321 2232 1403 2254 cum
1435 2219 1485 2254 sit
1516 2219 1554 2254 in
1585 2219 1706 2255 medio
1739 2218 1906 2265 margine
1939 2218 2128 2260 inferiore,
2160 2228 2232 2251 non
2263 2216 2302 2251 in

796 2274 943 2310 ano-ulo.

438 2330 459 2363 3
485 2329 531 2373 (V
542 2332 566 2374 2)
611 2330 662 2372 14,
677 2330 743 2373 6,5
791 2303 897 2377 imssowp.
918 2334 1106 2369 Honorius
1131 2337 1180 2381 (p.
1200 2336 1282 2380 784)
1310 2356 1351 2361 —
1380 2336 1432 2378 14,
1448 2336 1515 2378 9,2
1541 2338 1760 2380 competentes
1786 2336 1836 2380 (p.
1857 2334 1949 2380 787).

437 2388 460 2421 4
486 2387 532 2430 (V
542 2390 569 2432 ³)
590 2389 747 2433 14,15,4
796 2401 862 2434 que
885 2391 982 2426 intra
1006 2392 1055 2437 (p.
1075 2393 1154 2437 791)
1180 2413 1223 2417 —
1252 2393 1303 2435 14,
1322 2393 1373 2435 17,
1388 2394 1409 2427 2
1428 2393 1605 2437 praefecti
1627 2394 1675 2438 (p.
1695 2393 1785 2437 793).

438 2446 459 2479 5
486 2445 568 2490 (V4)
613 2447 770 2489 15,1,50
791 2448 975 2492 paulisper
1000 2450 1048 2494 (p.
1068 2450 1149 2494 813)
1177 2470 1218 2476 -
1247 2451 1299 2492 15,
1314 2451 1346 2494 2,
1362 2449 1383 2484 3
1408 2461 1564 2485 summas
1589 2452 1637 2495 (p.
1656 2450 1749 2493 815).

423 2503 460 2591 {6
486 2502 534 2545 (V
545 2505 570 2547 ⁵)
614 2504 665 2545 15,
681 2504 748 2546 5,3
794 2505 948 2550 fatigent
974 2508 1024 2552 (p.
1042 2506 1124 2549 819)
1154 2528 1193 2532 —
1221 2508 1274 2551 15,
1291 2508 1320 2549 7,
1337 2508 1358 2543 3
1382 2508 1553 2552 uoluptas
1578 2508 1627 2552 (p.
1648 2507 1807 2549 822,*2).

439 2562 459 2596 7
487 2561 533 2604 (V
545 2562 571 2605 ⁰)
615 2561 668 2604 15,
683 2562 748 2604 7,3
796 2573 889 2606 qaae
913 2564 1109 2599 nolentium
1136 2567 1184 2610 (p.
1202 2565 1349 2609 822,*2)
1375 2586 1419 2590 —
1446 2566 1498 2607 15,
1514 2566 1602 2607 7,12
1627 2565 1775 2610 tymelz'ci
1798 2566 1847 2610 (p.
1865 2566 1956 2611 824).

440 2617 461 2652 8
487 2617 530 2661 (Τ
544 2619 570 2662 ²)
614 2619 665 2660 16,
680 2620 711 2661 2,
725 2620 769 2655 23
796 2621 1034 2656 ecclesiasticis
1060 2624 1110 2668 (p.
1129 2622 1209 2666 842)
1235 2644 1275 2649 -
1307 2623 1359 2665 16,
1373 2623 1405 2665 2,
1419 2623 1463 2657 29
1489 2622 1582 2657 nihil
1607 2626 1655 2668 (p.
1674 2623 1766 2667 844).

440 2674 461 2709 9
488 2674 531 2717 (Τ
544 2677 571 2719 ³)
615 2676 666 2717 16,
681 2677 746 2718 3,1
797 2678 894 2722 sequi
917 2679 967 2723 (p.
985 2679 1067 2723 853)
1093 2700 1137 2705 —-
1164 2680 1368 2722 16‚5,3fin.
1394 2682 1444 2725 (p.
1461 2680 1555 2723 855).

420 2731 462 2767 10
488 2731 535 2775 (V
545 2733 573 2777 ⁷)
616 2733 668 2776 16,
683 2734 714 2776 5,
733 2735 772 2770 11
800 2728 1014 2780 apotactitae
1039 2737 1088 2782 (p.
1107 2737 1188 2783 859)
1214 2757 1259 2762 —
1286 2738 1338 2779 16,
1353 2738 1442 2779 5,16
1466 2738 1625 2772 sacrario
1650 2739 1699 2783 (p.
1717 2738 1854 2782 861,3).

420 2789 459 2823 11
488 2789 535 2833 (V
547 2792 573 2834 ⁸)
618 2791 715 2833 16,5,
732 2793 774 2827 16
793 2794 1007 2837 proflaoeisse
1034 2796 1082 2839 (p.
1102 2795 1179 2837 861,
1194 2794 1230 2840 3)
1261 2816 1299 2821 —
1327 2796 1379 2838 16,
1395 2796 1426 2838 5,
1439 2795 1483 2830 25
1509 2796 1564 2830 his
1589 2799 1637 2830 est
1663 2799 1714 2842 (p.
1732 2795 1825 2841 863).

420 2848 461 2882 12
489 2847 535 2891 (V
546 2850 572 2893 ⁹)
617 2849 668 2891 16,
683 2850 714 2891 5,
729 2851 772 2884 52
798 2851 883 2885 aar-i
904 2851 1025 2895 pondo
1048 2852 1204 2897 quinque
1228 2853 1277 2898 (p.
1296 2853 1375 2897 872)
1401 2873 1442 2878 ——
1472 2854 1523 2896 16,
1538 2855 1568 2895 5,
1584 2854 1638 2896 54,
1653 2855 1694 2889 51
1721 2853 1923 2889 custodiant
1949 2854 1999 2898 (p.
2017 2852 2094 2897 874,
2110 2854 2199 2899 *13).

421 2905 462 2940 13
487 2905 588 2950 (V¹⁰)
614 2907 664 2949 16,
680 2908 711 2949 5,
726 2908 771 2942 54
796 2908 888 2952 quod
911 2909 942 2944 si
965 2910 1013 2954 (p.
1032 2909 1200 2955 874,*13)
1227 2932 1268 2937 --
1296 2911 1347 2953 16,
1362 2912 1393 2953 5,
1409 2911 1452 2946 58
1476 2912 1716 2956 imaqinariae
1740 2912 1788 2956 (p.
1804 2911 1896 2956 876).

420 2963 462 2997 14
487 2963 590 3008 (Vn)
617 2964 668 3006 16,
683 2965 752 3007 6,4
797 2966 1014 3009 praestitisse
1038 2967 1087 3013 (p.
1105 2967 1187 3011 882)
1217 2988 1255 2993 -
1286 2969 1338 3011 16,
1353 2969 1385 3011 6,
1401 2970 1420 3003 7
1446 2979 1501 3004 eos
1525 2979 1609 3004 uero
1634 2969 1684 3014 (p.
1703 2968 1795 3012 884).

493 3091 516 3134 ι)
542 3094 581 3125 In
600 3094 714 3126 codice
727 3094 894 3127 Vaticano
911 3097 1047 3129 Patetta
1070 3097 1117 3129 ait
1139 3098 1374 3131 adnotationes
1392 3099 1583 3141 complures
1601 3099 1738 3141 reperiri
1757 3099 1900 3142 scriptas
1918 3099 2039 3133 litteris
2055 3101 2300 3145 Merovingicis

373 3147 461 3170 saee.
473 3138 565 3180 VIII,
589 3139 625 3171 in
651 3139 703 3173 his
729 3141 749 3172 f.
767 3138 834 3172 122
858 3142 966 3184 prima
991 3143 1096 3176 verba
1120 3144 1336 3177 instrumenti
1362 3145 1474 3178 Caroli
1500 3145 1637 3178 maioris
1662 3145 1794 3188 domus,
1819 3146 1979 3178 nimirum
2005 3147 2167 3181 Martelli.
