2485 3615
994 743 1190 786 oAPVT
1229 742 1581 786 SECVNDVM.

693 854 1184 907 THEODOSIANI
1228 853 1512 906 INTEGRI
1556 852 1879 907 CODICES.

439 986 716 1022 Theodosianus
745 998 819 1021 non
850 986 995 1033 integer
1027 987 1074 1022 ad
1104 998 1171 1022 nos
1202 985 1382 1031 pervenit.
1434 986 1628 1022 Librorum
1654 986 1819 1031 quinque
1853 986 2055 1032 primorum
2089 987 2252 1033 epitome

323 1044 540 1080 Alariciana
571 1056 795 1089 quamquam
829 1045 978 1080 saeculo
1009 1045 1151 1080 XVIIII
1186 1047 1298 1080 aucta
1333 1047 1388 1079 est
1419 1047 1569 1089 praeter
1599 1043 1742 1080 minora
1774 1044 1957 1089 quaedam
1989 1043 2150 1080 maxime
2182 1056 2253 1090 ope

328 1102 495 1137 codicum
522 1102 676 1137 duorum
701 1102 938 1137 Tauriuensis
962 1102 1134 1147 rescripti
1154 1102 1217 1147 (T)
1244 1104 1281 1137 et
1306 1101 1542 1137 Ambrosiani
1567 1101 1648 1146 (A),
1676 1102 1798 1137 adhuc
1822 1101 2020 1137 admodum
2043 1101 2254 1147 imperfecti

325 1163 420 1195 sunt.
459 1160 608 1201 Quanta
624 1172 710 1205 pars
727 1160 891 1206 perierit,
919 1159 1061 1205 duplici
1079 1159 1359 1205 computatione
1384 1159 1624 1204 aliquatenus
1648 1161 1774 1205 potest
1791 1158 2040 1195 determinari.
2080 1159 2255 1195 Codicem

323 1218 519 1253 laudatum
544 1217 809 1252 Taurinensem
843 1229 926 1252 cum
950 1216 1048 1252 infra
1074 1217 1345 1252 demonstretur
1376 1228 1421 1251 ea
1445 1228 1541 1260 quae
1573 1216 1610 1250 in
1637 1216 1894 1252 Theodosiano
1919 1217 2143 1262 legebantur
2167 1220 2254 1253 ante

323 1277 355 1319 6,
372 1277 403 1318 4,
423 1275 467 1310 34
498 1274 674 1310 habuisse
706 1275 745 1309 in
778 1275 879 1309 foliis
906 1275 968 1309 171
1006 1274 1083 1310 sive
1122 1273 1160 1308 in
1195 1273 1345 1320 paginis
1375 1274 1444 1309 342
1479 1286 1651 1310 versuum
1675 1274 1736 1316 39,
1770 1274 1982 1310 litterarum
2015 1275 2054 1309 in
2089 1274 2255 1310 versibus

323 1332 480 1379 singulis
506 1344 535 1367 c.
554 1332 613 1374 50,
648 1332 857 1368 efficiuntur
888 1331 945 1367 ita
976 1332 1131 1368 litterae
1164 1343 1192 1366 c.
1212 1331 1368 1366 666900.
1419 1331 1590 1366 Codicem
1617 1330 1825 1367 Parisinum
1851 1332 1887 1367 R
1921 1344 2004 1367 curn
2036 1331 2128 1368 item
2158 1331 2255 1367 infra

324 1391 594 1426 demonstretur
625 1401 668 1425 ea
697 1402 792 1435 quae
824 1390 864 1424 in
890 1389 1150 1426 Theodosiano
1177 1389 1399 1436 legebantur
1423 1392 1510 1424 ante
1536 1391 1568 1431 6,
1582 1390 1645 1431 2,1
1672 1389 1847 1425 habuisse
1880 1389 1919 1424 in
1952 1389 2054 1425 foliis
2078 1390 2146 1425 256
2176 1389 2254 1426 sive

323 1448 361 1483 in
386 1448 535 1494 paginis
559 1449 626 1483 512
652 1460 821 1483 versuum
847 1447 905 1489 30,
940 1447 1155 1483 litterarum
1191 1446 1229 1481 in
1260 1447 1416 1493 singulis
1443 1446 1608 1483 versibus
1632 1459 1661 1482 c.
1680 1447 1741 1488 40,
1776 1446 1989 1483 efficiuntur
2019 1446 2075 1483 ita
2103 1446 2255 1483 litterae

324 1505 510 1541 ο.614440
535 1508 573 1541 et
598 1505 729 1541 addita
754 1507 861 1550 parte
878 1516 973 1550 quae
1000 1507 1105 1541 extat
1122 1505 1153 1547 6,
1169 1505 1200 1547 2,
1218 1505 1329 1546 1-6,
1344 1506 1377 1546 4,
1392 1504 1437 1539 34
1462 1504 1674 1540 litterarum
1700 1516 1729 1539 c.
1745 1504 1864 1539 22640
1880 1503 2032 1540 litterae
2057 1516 2086 1540 c.
2101 1504 2254 1541 637000.

325 1562 569 1598 Consentiunt
593 1562 710 1608 igitur
735 1562 1035 1608 computationes
1062 1563 1156 1598 duae
1182 1565 1346 1603 eatenus
1376 1564 1560 1607 quatenus
1584 1562 1623 1596 in
1648 1564 1757 1598 tanta
1782 1562 2048 1598 elementorum
2073 1561 2255 1609 ambigui-

323 1623 403 1657 tate
429 1620 620 1666 expectari
644 1624 780 1666 potest.
830 1622 883 1656 Ex
913 1622 985 1656 hac
1018 1623 1126 1666 parte
1153 1620 1418 1662 Theodosiani,
1452 1619 1598 1656 scilicet
1624 1620 1672 1655 ad
1697 1621 1728 1662 6,
1741 1621 1774 1662 4,
1789 1620 1851 1661 34,
1877 1632 1973 1665 quae
1998 1619 2109 1656 hodie
2133 1631 2256 1665 super-

325 1681 420 1720 sunt,
447 1678 647 1714 secundum
672 1678 989 1724 computationem
1016 1678 1099 1714 rudi
1124 1689 1238 1724 opera
1255 1678 1395 1713 factam
1420 1677 1705 1722 (accuratiorem
1729 1677 1768 1712 in
1792 1677 1934 1713 talibus
1955 1689 2062 1714 nemo
2081 1677 2258 1723 requiret)

325 1735 546 1781 perveniunt
571 1736 619 1771 ad
643 1735 791 1771 litteras
817 1748 845 1771 e.
864 1737 930 1771 252
939 1737 1015 1772 720.
1057 1737 1188 1780 Itaque
1211 1748 1255 1771 ex
1272 1735 1435 1780 quinque
1454 1734 1560 1770 libris
1578 1735 1672 1771 duae
1695 1735 1771 1771 fere
1789 1738 1916 1780 partes
1933 1734 2199 1771 desiderantur.
2212 1755 2258 1760 —

325 1793 427 1828 Libri
450 1793 621 1828 undecim
651 1793 873 1839 posteriores
905 1792 1043 1840 integri
1076 1794 1151 1830 fere
1183 1796 1286 1835 sunt;
1318 1792 1428 1828 hiant
1459 1792 1557 1829 enim
1582 1792 1744 1838 quinque
1777 1792 1870 1828 locis
1900 1792 2006 1835 solis,
2037 1792 2184 1829 scilicet
2213 1805 2258 1830 ex

326 1853 429 1886 sexto
453 1849 549 1886 libro
576 1850 791 1887 exciderunt
817 1850 957 1896 primus
981 1851 1116 1887 titulus
1140 1850 1180 1886 de
1204 1851 1442 1896 dignitatibus
1465 1852 1508 1885 ut
1534 1850 1691 1889 videtur.
1722 1852 1824 1886 totus
1849 1852 1887 1886 et
1911 1850 2063 1886 secundi
2087 1849 2132 1885 de
2155 1861 2258 1886 sem-

326 1911 418 1946 toria
443 1910 616 1955 dignitate
642 1908 927 1944 constitutiones
952 1909 1093 1954 primae
1118 1907 1306 1949 undecim;
1331 1907 1423 1944 item
1448 1908 1552 1944 tituli
1572 1907 1697 1953 quarti
1722 1908 1766 1944 de
1791 1907 2025 1953 praetoribus
2050 1911 2082 1942 et
2098 1911 2258 1952 quaesto·

325 1969 424 2003 ribus
448 1966 732 2003 constitutiones
749 1977 845 2010 quae
869 1965 1114 2011 interpositae
1134 1966 1284 2002 fuerunt
1308 1965 1406 2001 inter
1422 1964 1466 1999 33
1483 1968 1521 2001 et
1538 1967 1755 2006 extremam;
1780 1964 1872 2000 item
1896 1965 2051 2001 extremi
2076 1964 2257 2000 tricesimi

327 2025 452 2061 octavi
485 2037 571 2070 pars
603 2027 783 2065 extrema;
816 2036 859 2060 ex
891 2026 1024 2059 octavo
1056 2023 1151 2059 libro
1185 2023 1290 2059 tituli
1321 2023 1455 2059 decimi
1481 2022 1604 2067 quinti
1638 2022 1681 2058 de
1710 2023 1764 2057 his
1796 2033 1888 2067 quae
1918 2022 2259 2058 administrantibus

326 2082 611 2118 constitutiones
637 2081 794 2127 priores;
820 2081 978 2126 denique
1004 2081 1043 2115 in
1068 2081 1137 2117 fine
1164 2080 1329 2117 eiusdem
1354 2079 1442 2115 libri
1468 2079 1574 2116 tituli
1599 2079 1735 2125 plures,
1762 2079 1826 2124 qui
1853 2079 2064 2115 accuratius
2089 2079 2258 2116 determi-

324 2140 405 2176 nari
431 2152 503 2176 non
528 2142 695 2185 possunt.

442 2197 614 2232 Servavit
654 2196 760 2232 nobis
796 2196 1096 2233 Theodosianum
1129 2195 1264 2231 Gallia.
1321 2195 1474 2232 Codices
1511 2197 1636 2241 partes
1673 2195 1926 2241 particulasve
1962 2195 2041 2232 eius
2078 2195 2259 2232 habentes

326 2255 493 2291 Gallicae
527 2253 680 2300 originis
704 2254 779 2290 fere
811 2266 934 2290 omnes
968 2256 1054 2289 sunt
1089 2256 1127 2289 et
1163 2253 1402 2299 potissimum
1435 2254 1712 2300 Lugdunenses,
1744 2265 1912 2298 quaeque
1946 2254 1991 2289 de
2024 2253 2071 2288 iis
2102 2253 2261 2290 dicenda

326 2315 425 2354 sunt,
459 2314 559 2347 recte
591 2311 775 2347 ordiemur
805 2323 828 2347 a
857 2311 938 2346 loco
970 2310 1088 2356 (cuius
1116 2309 1310 2346 admonuit
1340 2310 1551 2346 Ludovicus
1576 2310 1738 2353 Traube)
1764 2309 1905 2346 Heirici
1928 2309 2260 2345 Autissiodorensis

325 2369 496 2405 monachi
523 2381 615 2405 saec.
634 2369 684 2403 IX
709 2368 878 2405 exeuntis
891 2371 933 2414 1);
958 2369 1015 2404 ‘ea
1040 2368 1280 2414 tempestate'
1295 2367 1476 2413 (loquitur
1501 2368 1546 2404 de
1563 2367 1744 2403 Germano
1762 2367 1939 2413 episcopo
1961 2369 2108 2403 mortuo
2133 2379 2166 2403 a.
2179 2367 2261 2412 448)

323 2427 638 2473 ‘Lugdunensium
665 2427 798 2463 civitas
823 2426 944 2472 prima
971 2438 1013 2461 ac
1032 2425 1244 2471 praecipua
1263 2425 1475 2461 Galliarum
1492 2425 1716 2471 professione
1734 2436 1880 2470 quoque
1906 2424 2085 2461 scientiae
2110 2424 2261 2460 artium-

324 2485 408 2530 ‘que
427 2484 627 2530 disciplina
645 2486 743 2522 inter
759 2497 884 2521 omnes
905 2485 1099 2520 extulerat
1125 2487 1250 2530 caput.
1291 2483 1440 2519 Offensa
1463 2495 1624 2528 namque
1649 2482 1838 2528 sapientia
1863 2510 1870 2517 .
1890 2510 1897 2517 .
1916 2510 1923 2517 .
1941 2510 1949 2517 .
1976 2484 2261 2528 praeceptorum

325 2542 465 2588 ‘inopia
489 2542 742 2578 intercedente
766 2542 1004 2588 priorumque
1035 2541 1170 2576 studiis
1206 2553 1328 2587 paene
1362 2541 1538 2586 collapsis
1571 2541 1680 2576 huius
1713 2542 1860 2577 nostrae
1895 2539 2100 2576 exitialiter
2128 2551 2260 2586 perosa

325 2599 498 2645 ‘regionis
532 2600 703 2646 Lugduni
739 2599 811 2635 sibi
847 2598 1078 2644 aliquamdiu
1118 2599 1304 2635 familiare
1347 2598 1606 2634 consistorium
1642 2597 1853 2634 collocavit.
1910 2597 1968 2634 Ibi
2002 2609 2094 2642 quas
2129 2596 2260 2633 dicunt

325 2657 622 2702 ‘disciplinarum
646 2657 858 2693 liberalium
883 2657 1021 2702 peritia
1056 2668 1222 2702 quasque
1248 2657 1374 2692 ordine
1401 2667 1545 2692 currere
1574 2656 1644 2691 hoc
1670 2659 1836 2702 tempore
1866 2656 1996 2692 fabula
2020 2657 2168 2691 tantum
2191 2658 2259 2697 est,

327 2716 381 2750 ‘eo
399 2726 515 2758 usque
533 2714 733 2757 convaluit,
759 2717 801 2750 ut
819 2716 999 2759 quantum
1025 2715 1073 2749 ad
1105 2715 1251 2750 scholas
1277 2713 1469 2759 publicum
1495 2713 1751 2759 appellaretur
1775 2712 2007 2749 citramarini
2034 2712 2133 2748 orbis
2157 2725 2261 2760 gym-

326 2771 506 2807 ‘nasium'.
556 2771 708 2808 Scilicet
739 2775 781 2807 ut
812 2771 909 2807 infra
934 2772 1218 2817 explanabitur,
1255 2784 1299 2806 ex
1324 2772 1466 2807 duobus
1492 2771 1742 2807 Theodosiani
1774 2770 1912 2817 integri
1941 2770 2048 2806 libris
2073 2769 2261 2816 primariis

330 2831 426 2866 alter
452 2829 575 2873 (hodie
595 2828 784 2864 Parisinus
801 2830 918 2874 9643),
945 2831 1010 2874 qui
1035 2830 1135 2865 solus
1161 2829 1326 2865 servavit
1350 2829 1374 2864 l.
1391 2829 1453 2864 VI.
1473 2829 1553 2864 VII.
1574 2829 1673 2870 VIII,
1700 2828 1860 2874 primum
1885 2827 2050 2864 innotuit
2076 2839 2105 2863 c.
2124 2840 2156 2864 a.
2173 2828 2260 2864 1559

330 2886 431 2932 apud
460 2885 690 2931 Stephanum
720 2885 947 2932 Charpinum
982 2887 1216 2922 sacerdotem
1251 2887 1551 2932 Lugdunensem,
1587 2885 1682 2921 alter
1715 2884 1936 2930 (Vaticanus
1965 2896 2040 2931 reg.
2064 2885 2166 2928 886),
2200 2884 2261 2921 cui

330 2944 510 2980 debentur
542 2955 586 2979 ex
615 2947 722 2989 parte
753 2944 891 2980 maiore
916 2945 939 2979 l.
959 2945 1182 2986 lX-XVl‚
1217 2955 1442 2989 quamquam
1475 2943 1554 2980 eius
1587 2942 1778 2989 proprium
1811 2941 2041 2977 domicilium
2073 2943 2260 2978 vetustum

331 3000 532 3046 ignora-tur,
559 3004 658 3037 certe
684 3001 837 3047 originis
863 3004 919 3037 est
943 3001 1127 3037 Gallicae.
1177 3001 1350 3037 Codicem
1375 3001 1530 3037 tertium
1554 3000 1678 3044 (hodie
1704 3000 1821 3036 Berol.
1847 2999 2045 3045 Phillipps.
2067 3000 2170 3044 1745)
2195 2998 2260 3044 qui

332 3059 431 3093 solus
461 3059 623 3095 servavit
653 3059 804 3104 plenam
834 3060 1003 3105 syllogen
1030 3071 1141 3103 quam
1171 3058 1329 3094 dicimus
1355 3058 1650 3093 Sirmondianam
1683 3069 1765 3092 cum
1793 3056 2050 3093 'l'heodosiano
2084 3067 2261 3092 conexam

333 3118 554 3160 auctamque
580 3115 764 3161 excerptis
789 3128 832 3152 ex
851 3116 1110 3153 Theodosiano
1135 3117 1291 3163 integro,
1319 3128 1414 3151 saec.
1431 3116 1519 3150 VIII
1545 3114 1741 3160 usurpavit
1760 3114 1888 3150 Florus
1913 3113 2089 3150 diaconus
2115 3113 2260 3158 Lugdu-

454 3209 478 3249 ¹)
506 3210 583 3242 MG.
601 3210 738 3253 epistul.
757 3210 826 3243 vol.
843 3210 864 3243 6
889 3221 921 3253 p.
942 3209 1019 3242 125.
1060 3211 1214 3243 Conferri
1239 3211 1335 3242 iubet
1359 3209 1532 3242 Traubius
1557 3208 1736 3251 epistulam
1762 3209 1851 3252 Lupi
1876 3208 2011 3242 abbatis
2034 3206 2261 3241 Ferrariensis

334 3253 368 3293 (1.
387 3265 415 3286 c.
438 3266 468 3297 p.
488 3254 565 3297 102)
590 3256 750 3298 scriptam
784 3268 812 3289 a.
831 3254 915 3289 860:
941 3254 1116 3288 ‘noveritis
1141 3256 1342 3289 monachum
1368 3261 1402 3288 et
1425 3255 1630 3297 discipulum
1655 3265 1769 3287 meum
1794 3251 1974 3298 Ad[onem]
2002 3279 2010 3287 .
2029 3279 2036 3286 .
2053 3278 2061 3286 .
2078 3278 2085 3286 .
2111 3254 2261 3296 quorun-

332 3298 423 3354 :dam
449 3301 693 3356 invidiosoru'm
720 3303 846 3336 vitasse
871 3302 1012 3334 insidias
1043 3307 1076 3335 et
1102 3327 1109 3335 .
1127 3328 1134 3335 .
1155 3327 1162 3333 .
1182 3327 1188 3334 .
1215 3301 1365 3334 discendi
1391 3301 1503 3334 studio
1528 3306 1561 3334 et
1585 3298 1711 3344 quietis
1741 3311 1853 3334 amore
1884 3301 1919 3333 in
1944 3300 2029 3334 urbe
2053 3299 2260 3343 Lugdunen-

346 3357 433 3378 srum
458 3347 649 3380 constitisse
663 3372 670 3379 .
