2485 3615
1218 113 1260 117 -
1309 91 1401 126 CCX
1451 112 1492 118 —

394 199 475 239 314
507 196 848 240 VOLVSIANO
880 196 956 239 ΕΤ
987 195 1257 239 ANNIANO
1292 194 1487 238 CONSS.

501 316 589 348 Pace
607 316 695 348 inter
711 315 796 347 duos
813 314 1032 357 imperatores
1049 318 1151 356 rupta
1163 312 1305 345 ‘bellum
1318 312 1500 345 Cibalense
1517 313 1583 345 fuit
1601 323 1631 345 a.
1647 313 1677 345 d.
1689 313 1770 346 VIII
1786 314 1829 347 id.
1845 312 1931 348 Oct.’
1944 314 2070 357 (chron.
2088 316 2166 349 min.
2182 314 2211 356 l,
2223 315 2315 359 231),

397 384 464 415 qno
490 374 586 406 finito
611 373 728 406 eodem
754 383 844 404 anno
869 372 924 405 vel
949 376 1038 404 certe
1056 371 1210 414 proximo
1229 370 1412 413 incipiente
1430 381 1550 413 pacem
1571 371 1762 404 restitutam
1784 383 1856 405 esse
1880 373 1959 406 inde
1977 374 2208 416 confirmatur,
2227 375 2316 417 quod

393 442 425 464 a.
444 429 511 464 315
535 431 636 464 ambo
661 431 882 473 imperatores
914 429 1016 462 simul
1042 429 1198 462 consules
1228 432 1475 471 processerunt.
1525 429 1671 471 Deinde,
1702 434 1742 462 ut
1771 430 1817 463 ait
1847 436 1964 464 auctor
1988 432 2128 475 originis
2153 433 2316 466 Constan-

323 497 333 505 “
393 490 544 522 tinianae
564 487 604 521 19
623 487 750 531 (chron.
772 488 851 520 min.
869 487 886 519 1
913 499 943 530 p.
963 485 1009 529 9),
1035 487 1279 520 Constantinus
1297 498 1454 520 reversus
1472 491 1523 520 est
1539 487 1720 520 Serdicam.
1761 489 1855 529 Quae
1872 490 2089 532 refragantur
2107 491 2317 524 constitutio-

391 558 451 580 nes
475 547 565 579 infra
595 547 740 584 relatae,
773 545 961 578 secundum
986 554 1072 588 quas
1098 544 1346 577 Constantinus
1370 555 1398 577 a.
1419 542 1487 577 314
1510 545 1554 578 ab
1580 545 1720 578 Octobri
1745 545 1790 578 ad
1815 546 2039 580 Decembrem
2065 548 2216 581 Treviris
2241 549 2316 591 fuit,
2459 506 2485 694 1

390 605 548 638 videntur
573 603 731 636 mendose
757 602 910 635 traditae.

340 705 407 740 314
422 705 595 751 [322οί323]
632 705 666 739 k.
685 705 762 739 Ian.
1011 715 1062 748 pp
1066 729 1246 738 ......
1495 702 1655 739 Maximo
1681 709 1727 749 psi
2044 707 2076 750 9,
2090 708 2122 748 5,
2139 708 2156 742 l

341 774 408 808 314
633 772 683 807 XI
711 772 746 807 k.
764 772 849 807 Feb.
1013 784 1075 817 pp.
1102 771 1265 807 Treviris
1499 773 1668 808 Materno
2048 776 2136 811 lust.
2155 776 2186 821 7,
2201 777 2255 819 32,
2271 777 2314 812 10
2331 776 2423 823 [PL]

338 844 405 878 314
631 842 685 876 III
710 842 746 877 k.
765 841 851 876 Feb.
1011 853 1060 886 pp
1064 867 1244 876 ......
1493 841 1625 878 Lucrio
1642 841 1779 878 Verino
2047 845 2102 887 12,
2117 845 2170 888 11,
2186 846 2204 880 1

339 913 406 946 314
635 911 728 957 prid.
747 923 828 946 non.
848 910 957 946 Mart.
1014 909 1022 946 .
1050 938 1264 946 .......
1496 911 1589 947 Urso
1615 911 1755 947 vicario
2046 915 2078 958 2,
2093 914 2124 956 7,
2139 915 2158 948 1

338 982 404 1017 314
633 981 739 1016 XIIII
765 981 800 1016 k.
819 981 906 1026 Apr.
1495 981 1699 1017 Volusiano
1725 982 1799 1027 [pu]
2049 984 2101 1027 13,
2116 985 2147 1027 5,
2164 984 2181 1018 1

339 1052 409 1086 314
633 1051 704 1085 VII
729 1051 763 1085 k.
781 1051 868 1096 Apr.
1010 1049 1173 1086 Treviris
1496 1078 1746 1087 ........
2047 1052 2079 1097 3,
2093 1053 2148 1097 30,
2164 1054 2182 1088 1

337 1121 405 1155 314
633 1120 668 1154 k.
687 1119 774 1166 Apr.
1015 1131 1065 1164 pp
1069 1146 1250 1155 ......
1497 1120 1617 1155 Probo
2046 1121 2079 1162 4,
2095 1121 2148 1163 12,
2164 1121 2182 1155 1

338 1190 405 1225 314
634 1189 721 1224 VIII
747 1190 782 1224 k.
801 1188 886 1225 Mai.
1015 1201 1075 1234 pp.
1100 1189 1237 1225 Romae
1498 1189 1700 1225 Volusiano
1726 1189 1801 1235 [pu]
2047 1191 2079 1233 5,
2090 1191 2125 1235 8,
2140 1192 2158 1226 1

323 1259 404 1305 {314
632 1259 685 1293 III
710 1259 744 1293 k.
763 1258 850 1294 Mai.
1012 1285 1260 1294 ........
1494 1257 1670 1304 Dionysio
1697 1257 1795 1294 vices
1820 1260 1981 1304 praefec-
2046 1259 2457 1307 1ust.7‚2⁶2,3[PLR]]¹)

1542 1307 1663 1340 torum
1689 1304 1816 1351 agenti

550 1365 575 1407 ¹)
602 1366 696 1398 Haec
729 1366 924 1399 constitutio
956 1365 1121 1409 inscripta
1154 1365 1343 1408 exemplam
1376 1376 1557 1398 sacrarum
1589 1365 1780 1399 litterarmn
1804 1364 2018 1398 Constantini
2046 1371 2076 1399 ec
2100 1365 2225 1399 Licinii
2241 1364 2318 1398 AA.

600 1413 694 1445 venit
719 1423 762 1445 ex
786 1412 1061 1456 Hermogeniano
1085 1411 1130 1452 (v.
1156 1423 1261 1455 supra
1285 1423 1317 1454 p.
1334 1411 1451 1453 CLX).

328 1480 408 1525 [314
640 1479 687 1514 id.
706 1479 793 1515 Mai.
1020 1505 1269 1515 ........
1500 1478 1676 1524 Dionysio
1701 1478 1814 1524 [vices
1838 1478 1980 1525 agenti]
2047 1479 2458 1526 1ust.3,1‚8[PLHaz.]]¹)

550 1539 575 1582 ¹)
600 1540 697 1573 Haec
721 1540 917 1573 constitutio
942 1539 1096 1573 similiter
1118 1539 1283 1582 inscripta
1307 1544 1340 1572 et
1365 1539 1439 1582 ipsa
1464 1539 1558 1571 venit
1581 1549 1623 1571 ex
1646 1539 1932 1582 Hermogeniano.

340 1607 407 1642 314
634 1607 705 1642 IIII
730 1607 765 1641 k.
783 1607 877 1642 Nov.
1013 1605 1176 1641 Treviris
1497 1604 1677 1651 palatinis
2048 1606 2079 1647 6,
2093 1606 2148 1648 35,
2163 1606 2183 1640 1

603 1690 613 1746 s
634 1677 686 1711 III
712 1688 795 1713 non.
814 1677 906 1712 Nov.
1007 1676 1083 1712 dat.
1103 1674 1265 1711 Treviris
1496 1708 1685 1744 catullino
1719 1708 1888 1754 [procons
2006 1676 2016 1729 g
2081 1675 2108 1709 I
2124 1675 2156 1717 9,
2169 1675 2224 1718 40,
2240 1676 2259 1710 1

341 1739 348 1749 ‘
721 1762 728 1769 .
747 1734 768 1768 3
1891 1736 1898 1743 ”
2124 1753 2168 1758 --
2368 1753 2411 1758 —

340 1738 465 1782 314sl5
606 1747 614 1820 l
635 1734 991 1838 xiak.i1{)1.<a.315>
1018 1804 1093 1828 aco.
1111 1791 1341 1827 Hadrumeto
1539 1765 1702 1812 Afriffle]
2037 1732 2107 1825 zii
2128 1733 2352 1836 11111131λῖ

340 1864 408 1900 314
423 1864 467 1910 [?]
634 1863 687 1898 III
712 1863 747 1898 k.
766 1863 841 1898 Ian.
1012 1861 1174 1898 Treviris
1495 1860 1590 1912 Iulio
1613 1859 1801 1941 Antiocho
1831 1861 1946 1907 praef.
2046 1860 2124 1906 1‚2‚
2140 1860 2158 1895 1

1544 1919 1622 1953 v1g1
1639 1919 1700 1943 um

396 2042 477 2080 315
511 2038 928 2081 CONSTANTINO
960 2038 1012 2080 A.
1047 2037 1139 2079 IIII
1168 2036 1244 2079 ΕΤ
1276 2035 1504 2078 LICINIO
1536 2034 1629 2077 IIII
1661 2034 1858 2078 CONSS.

511 2157 768 2198 Constantinus,
794 2167 895 2200 quem
920 2155 1068 2188 vidimus
1092 2159 1168 2198 post
1192 2154 1320 2187 bellum
1347 2153 1528 2187 cibalense
1552 2152 1739 2197 contulisse
1762 2163 1798 2185 se
1822 2152 2004 2192 Serdicam,
2029 2154 2219 2187 secundum
2242 2164 2321 2186 con-

395 2214 590 2247 stitutiones
615 2226 674 2258 per
699 2215 841 2258 primam
865 2213 946 2247 anni
971 2218 1099 2256 partem
1124 2216 1277 2245 moratus
1303 2216 1353 2245 est
1378 2211 1413 2244 in
1431 2211 1578 2254 Illyrico,
1603 2210 1733 2243 scilicet
1749 2210 2026 2251 Thessalonicae,
2051 2211 2172 2253 Naissi,
2197 2211 2321 2252 Sirmii,

395 2283 479 2315 quas
510 2272 776 2315 subscriptiones
802 2282 902 2304 veras
931 2281 1005 2304 esse
1034 2271 1090 2303 vel
1122 2281 1203 2303 vero
1237 2270 1408 2313 proximas
1439 2268 1614 2312 probabile
1646 2272 1707 2300 est.
1755 2267 1820 2299 Die
1844 2268 1907 2300 XV
1937 2268 1969 2299 k.
1988 2269 2077 2310 Aug.
2107 2278 2186 2301 eum
2217 2268 2322 2301 fuisse

397 2330 577 2372 Aquileiae
602 2334 733 2363 constat
757 2340 817 2372 per
840 2329 951 2372 legem
976 2328 1116 2361 relatam
1140 2327 1182 2360 ad
1206 2337 1236 2360 a.
1256 2324 1324 2359 319
1348 2326 1390 2359 ad
1414 2326 1508 2358 hunc
1532 2336 1660 2357 annum
1685 2325 1912 2358 revocandam
1935 2329 2114 2369 propterea
2129 2325 2219 2367 quod
2243 2335 2322 2357 eon-

397 2391 467 2420 stat
497 2387 538 2420 de
562 2388 734 2431 praefecto
765 2386 859 2426 urbi,
893 2386 937 2419 ad
968 2397 1068 2428 quem
1100 2385 1176 2418 data
1200 2390 1259 2418 est.
1308 2384 1392 2417 Inde
1429 2395 1508 2416 eum
1531 2383 1666 2416 venisse
1688 2383 1830 2416 Romam
1860 2383 2037 2416 declarant
2063 2381 2322 2416 constitutiones

396 2445 624 2487 videnturque
655 2445 825 2488 pertinere
857 2444 901 2477 ad
933 2444 1027 2476 hunc
1060 2455 1189 2476 annum
1220 2453 1308 2486 quae
1343 2442 1384 2475 de
1416 2441 1672 2474 Donatistarum
1704 2441 1945 2474 controversiis
1976 2441 2080 2474 refert
2106 2439 2323 2483 Augustinus

397 2513 447 2545 ep.
467 2501 522 2545 43,
541 2501 602 2543 20,
640 2507 819 2546 postquam
851 2502 922 2545 egit
955 2502 996 2535 de
1027 2501 1171 2534 concilio
1202 2501 1318 2534 habito
1343 2500 1482 2533 Arelate
1511 2509 1541 2531 a.
1562 2496 1629 2531 314
1655 2499 1742 2540 Aug.
1763 2497 1781 2531 1
1811 2503 1845 2532 et
1873 2498 2102 2542 appellatione
2134 2498 2180 2531 ab
2210 2509 2249 2531 eo
2279 2497 2323 2531 ad

396 2561 631 2604 imperatorem
649 2561 842 2594 interiecta:
868 2560 964 2593 iussit
983 2559 1041 2593 ille
1058 2556 1342 2601 (Constantinus),
1367 2563 1404 2589 ut
1428 2557 1458 2590 ei
1475 2561 1598 2600 partes
1613 2556 1662 2589 ad
1685 2555 1856 2599 agendam
1879 2566 2020 2588 causam
2037 2555 2183 2588 Romam
2206 2566 2321 2589 occur-

398 2623 528 2651 rerem:
553 2629 618 2661 quo
644 2630 719 2651 cum
747 2618 963 2651 Caecilianus
986 2617 1101 2651 nescio
1126 2628 1196 2659 qua
1219 2628 1326 2649 causa
1353 2626 1420 2647 non
1444 2613 1660 2655 occurrisset,
1686 2613 1922 2655 interpellatus
1945 2613 1988 2646 ab
2011 2613 2059 2647 eis
2074 2613 2265 2656 praecepit,
2286 2618 2324 2645 uc

398 2674 638 2709 Mediolanum
669 2681 887 2719 sequerentur
919 2702 925 2709 .
949 2700 957 2708 .
979 2700 987 2708 .
1010 2701 1017 2709 .
1047 2687 1112 2718 quo
1145 2686 1220 2708 cum
1250 2674 1351 2707 etiam
1383 2672 1598 2705 Caecilianus
1627 2671 1785 2713 venisset,
1819 2696 1827 2704 .
1846 2695 1853 2703 .
1873 2696 1880 2704 .
1897 2694 1904 2702 .
1936 2671 2070 2714 coyvzita
2098 2681 2206 2704 causa
2236 2695 2244 2703 .
2262 2695 2269 2702 .
2289 2696 2295 2703 .
2313 2694 2322 2702 .

402 2733 636 2767 Caecilianum
662 2734 971 2767 innocentissimum
995 2732 1166 2766 iudicavit.
1207 2734 1327 2765 Mense
1352 2730 1542 2774 Septembri
1566 2730 1811 2763 Constantinus
1834 2730 1964 2762 Romae
1987 2729 2054 2762 fuit
2076 2729 2221 2762 testibus
2244 2739 2322 2762 con-

398 2792 634 2825 stitutionibus
660 2790 713 2834 10,
730 2791 793 2833 1,1
820 2797 852 2825 et
879 2790 999 2833 11‚30‚
1013 2790 1043 2824 3.
1071 2792 1143 2824 Oet.
1168 2789 1209 2823 19
1235 2801 1312 2823 eum
1337 2789 1443 2822 fuisse
1467 2788 1652 2821 Mediolani
1682 2787 1828 2820 efficitur
1853 2798 1895 2820 ex
1919 2787 1996 2820 Vat.
2011 2783 2096 2829 273,
2126 2797 2215 2829 quae
2245 2797 2322 2820 con-

399 2850 531 2883 stitutio
556 2850 661 2883 huius
685 2850 766 2883 anni
791 2850 835 2882 sit
858 2860 996 2883 necesse
1021 2853 1081 2891 est,
1111 2859 1191 2881 cum
1214 2848 1367 2880 nominet
1384 2846 1534 2879 Vettium
1558 2845 1722 2878 Rufinum
1747 2846 1954 2888 praefectum
1977 2845 2055 2878 urbi
2079 2842 2148 2877 315
2171 2845 2260 2887 Aug.
2279 2842 2324 2877 20

399 2908 443 2941 ad
467 2906 535 2941 316
559 2908 646 2951 Aug.
666 2906 697 2940 4.
747 2908 903 2940 Hiemem
928 2919 956 2940 a.
975 2905 1077 2954 315]ss
1102 2906 1365 2939 Constantinum
1389 2904 1544 2947 exegisse
1568 2903 1720 2936 Treviris
1745 2914 1813 2936 non
1837 2907 1890 2936 est
1912 2902 2066 2936 absimile
2090 2902 2172 2936 veri.

343 3010 411 3044 315
642 3009 692 3043 XI
719 3010 753 3044 k.
773 3008 860 3045 Feb.
1019 3020 1095 3043 ace.
1115 3006 1258 3042 Caralis
1501 3003 1721 3041 Constantio
2050 3004 2082 3045 8,
2096 3004 2162 3046 5,1

343 3079 410 3112 315
642 3090 725 3113 non.
744 3078 829 3114 Feb.
1019 3103 1265 3113 ........
1497 3075 1590 3111 Urso
2047 3075 2137 3110 Iust.
2150 3075 2182 3118 3,
2195 3074 2252 3119 26,
2265 3074 2287 3110 5
2298 3072 2348 3120 [Ρ
2357 3069 2455 3116 Hal]

345 3148 412 3182 315
643 3147 676 3180 V
700 3147 735 3181 k.
754 3147 862 3183 Mart.
1019 3160 1084 3193 pp.
1101 3147 1240 3182 Romae
1503 3144 1705 3180 Volusiano
1731 3150 1777 3190 pu
2053 3144 2106 3186 11,
2119 3143 2173 3185 36,
2187 3143 2209 3178 2

345 3216 413 3250 315
645 3216 733 3250 VIII
758 3216 807 3252 id.
825 3216 934 3252 Mart.
1023 3214 1308 3252 Thessalonicae
1503 3213 1704 3249 Versennio
1718 3213 1922 3249 Fortunato
1936 3223 2017 3247 con·
2049 3211 2082 3254 8,
2097 3211 2128 3255 7,
2143 3212 2178 3247 1,

1547 3271 1662 3306 sulari
1688 3283 1868 3316 aquarum

346 3331 414 3365 315
431 3330 551 3376 [3169]
642 3331 712 3365 XII
737 3331 771 3366 k.
791 3331 878 3377 Apr.
1018 3329 1213 3366 Cavilluno
1502 3327 1670 3365 Eumelio
1682 3326 2002 3374 [vicarioAfricae]
2050 3327 2082 3370 9,
2096 3326 2152 3371 40,
2165 3326 2188 3362 2
