2501 3615
954 152 996 160 -—
1046 131 1200 169 LXXIII
1251 152 1293 160 --

162 236 338 285 leguntur
367 248 482 282 usque
514 236 561 272 ad
586 237 719 278 2,14,1
747 237 885 284 scripta
918 250 1028 274 mauu
1055 238 1248 278 Cochlaei,
1283 250 1326 274 ex
1360 239 1430 274 1100
1462 237 1556 274 libro
1591 237 1778 284 descripta
1804 242 1898 275 sunt.
1950 238 2088 276 Deinde

162 295 364 331 Haenelius
389 294 525 330 librum
550 294 734 336 adhibuit,
763 300 846 340 post
872 308 955 331 eum
981 308 1060 341 ego.

278 380 432 416 Codices
466 381 556 416 duos
578 380 949 416 wallersteinensem
984 384 1021 416 et
1056 381 1268 417 Goth-anum
1303 382 1507 428 descriptos
1540 394 1617 418 esse
1653 395 1696 417 ex
1730 383 1856 419 eodem
1891 383 2094 429 archetypo
2135 385 2200 418 ΟΒ

162 439 282 474 multa
308 437 518 473 declarant:

255 495 376 538 5,1,2‚
391 495 456 532 *10
487 494 688 530 excludunt
716 523 722 531 .
742 523 748 529 .
769 522 775 529 .
802 496 847 532 30
873 496 987 531 frater
1011 496 1174 530 omittunt
1192 497 1267 531 BG

255 553 394 595 8.18,6
486 552 536 587 bis
561 553 693 597 scripta
720 556 769 588 est
795 557 826 588 et
851 564 916 588 suo
942 554 1016 588 loco
1042 558 1073 588 et
1092 558 1169 597 post
1195 560 1226 597 8,
1245 560 1292 598 18,
1310 563 1328 589 ε)
1354 555 1390 589 in
1419 555 1491 591 BG

256 612 289 653 9,
304 612 335 653 7,
349 611 371 646 2
489 609 538 644 ad
553 610 814 654 inscriptionem
834 611 1036 645 rocabulum
1050 610 1291 647 Nicomediae
1310 623 1352 646 ca·
1369 613 1624 659 subscriptione
1642 618 1820 659 sumptam
1835 613 2000 649 culicum!
2014 614 2093 650 BG.

164 680 404 718 Lectionibus
422 679 460 715 id
478 691 663 725 peraeque
681 680 888 715 confirmari
915 683 953 715 et
979 692 1044 725 per
1063 693 1098 715 se
1123 692 1166 715 ex
1186 686 1372 726 apparatu
1391 683 1627 728 perspicuum
1654 687 1709 719 est
1735 686 1772 719 ct
1798 684 1834 718 in
1862 696 1942 728 cap.
1961 686 2093 718 octavo

165 737 345 784 exemplis
368 737 539 784 pluribus
565 737 828 773 declarabitur.
879 737 1145 783 Compendium
1176 741 1245 782 pTJo
1275 739 1311 774 in
1338 740 1416 774 cod.
1436 741 1471 774 B
1500 740 1673 776 librarius
1704 741 1972 786 interpretatur
1994 752 2094 785 prae-

159 797 294 842 posito,
326 796 390 832 sed
420 796 638 841 plerumque
664 795 702 829 in
729 807 770 830 eo
798 795 893 830 abiit
920 795 958 830 iu
981 799 1046 840 ffi.
1098 797 1137 830 In
1164 797 1288 832 codice
1314 797 1346 832 G
1376 798 1512 842 passim
1538 798 1720 843 reperitur
1749 802 1818 842 111—20
1847 800 2031 833 mutatum
2058 797 2095 831 in

158 858 256 899 Pir-m
285 852 432 889 scilicet
462 852 637 888 librarius
661 852 756 887 illud
782 852 1050 898 interpretatus
1077 855 1299 899 praeposito,
1325 855 1394 890 hoc
1417 857 1678 900 waepositum,
1704 855 1767 891 ubi
1793 855 2021 901 praepositio
2047 855 2096 889 ad

164 911 423 947 accusativum
453 911 668 956 requirebat
701 910 899 955 antiquum
930 911 1192 956 compendium
1227 912 1398 948 mutavit.
1453 913 1529 948 Nos
1564 913 1655 948 haec
1687 925 1768 948 raro
1801 913 1836 947 in
1871 915 2095 958 apparatum

164 967 388 1015 recepimus,
421 980 488 1005 nec
514 968 634 1015 magis
659 968 936 1011 adnotavimus,
970 969 1034 1004 ubi
1060 969 1100 1004 hi
1131 970 1217 1005 libri
1245 969 1392 1005 variant
1416 970 1513 1006 inter
1539 972 1654 1016 Auyy.
1681 974 1717 1006 et
1744 972 1836 1015 Any.
1861 972 1972 1016 Any„
2006 970 2095 1005 item

166 1025 265 1062 inter
293 1027 437 1073 Auyyy.
468 1028 506 1061 et
541 1027 634 1071 Auy.
657 1027 751 1072 Aug.
774 1027 870 1072 Any.
903 1047 945 1052 —
978 1027 1328 1072 Interpretationes,
1365 1039 1459 1072 quae
1495 1028 1632 1073 passim
1664 1027 1899 1073 reperiuntur
1931 1027 1967 1062 iu
2001 1026 2096 1061 libro

166 1083 340 1119 Gothano
365 1083 566 1120 distinctae
595 1083 695 1119 notis
722 1083 935 1129 praemissis
961 1085 1122 1129 s(c⁴ilicet)
1150 1085 1207 1120 vel
1232 1085 1270 1119 id
1296 1089 1360 1128 est,
1394 1085 1481 1120 item
1515 1097 1536 1119 a
1561 1085 1666 1120 nobis
1693 1084 1973 1131 praetermissae
1999 1087 2094 1122 sunt,

167 1143 352 1185 quatenus
377 1143 479 1176 certo
505 1141 671 1187 separari
696 1144 903 1187 potuerunt
928 1154 950 1177 a
971 1141 1073 1177 varia
1098 1142 1268 1177 lectione.
1311 1142 1399 1177 Illas
1425 1145 1461 1177 et
1488 1142 1588 1187 ipsas
1614 1155 1655 1177 ex
1683 1143 1887 1187 archetypo
1914 1141 2095 1187 proficisci

166 1198 362 1245 probabile
381 1201 454 1240 est;
482 1201 583 1235 certo
601 1198 881 1245 dittographias
908 1198 944 1233 in
971 1211 1012 1234 eo
1039 1199 1113 1234 iam
1139 1199 1300 1235 adfuisse
1327 1201 1431 1235 extra
1456 1199 1608 1235 dubium
1634 1202 1700 1241 est,
1727 1212 1807 1234 cum
1834 1199 1970 1244 passim
1997 1199 2033 1233 iu
2054 1200 2098 1241 G,

167 1256 368 1302 aliquoties
393 1256 510 1293 etiam
533 1256 571 1292 in
594 1257 630 1292 B
653 1257 830 1303 legantur
855 1256 892 1292 in
918 1259 1062 1293 textum
1087 1257 1239 1293 relatae.
1289 1257 1428 1292 Harum
1454 1257 1794 1302 dittographiarum
1820 1257 1991 1301 exempla
2015 1256 2096 1291 sub-

167 1314 311 1361 scripsi,
336 1316 380 1350 ut
403 1326 448 1350 ex
468 1314 538 1350 hoc
562 1316 763 1360 conspectu
782 1316 819 1350 et
839 1313 1036 1359 archetypi
1055 1313 1197 1349 indoles
1216 1314 1423 1350 declaretur
1440 1316 1477 1350 ct
1495 1315 1675 1359 quomodo
1694 1314 1765 1349 duo
1784 1313 1927 1348 librarii
1948 1313 1984 1348 id
2003 1316 2096 1348 trac-

167 1373 297 1409 tarint.
333 1372 547 1408 Gothanum
568 1372 634 1417 qui
661 1371 822 1418 scripsit,
849 1371 1050 1417 aliquoties
1069 1374 1125 1415 (ut
1142 1372 1241 1416 2,21,
1258 1374 1274 1408 1
1294 1372 1363 1417 bis)
1390 1372 1467 1417 ipse
1489 1373 1621 1417 9ἷοεὸαο
1640 1371 1860 1407 vocabulum
1887 1371 2094 1415 adscripsit.

261 1443 292 1484 1,
307 1442 340 1484 2,
355 1442 387 1485 6,
404 1444 421 1478 1
495 1441 678 1486 executio]
705 1440 899 1477 excusatio
918 1441 978 1475 Bv

263 1499 445 1543 1,29,8,4
493 1499 713 1545 coalescere]
742 1499 948 1535 coalescere
974 1499 1035 1534 uel
1063 1500 1319 1536 conualescere
1343 1500 1375 1535 G

261 1590 294 1633 2,
306 1590 339 1633 4,
356 1591 385 1633 1,
401 1591 418 1626 1
492 1591 760 1637 symmachum]
787 1557 1042 1637 syidirriiiig'huuuin
1062 1592 1104 1633 B,
1131 1593 1386 1637 symmachum
1412 1591 1672 1628 barronianum
1694 1590 1726 1625 G

261 1648 340 1691 2,4,
356 1648 385 1690 1,
401 1649 444 1684 13
493 1648 602 1684 istius
627 1648 754 1695 officii]
782 1649 890 1685 istius
916 1650 996 1694 (om.
1016 1650 1145 1694 officii)
1163 1651 1206 1690 B,
1232 1650 1339 1686 istius
1366 1650 1462 1685 modi
1487 1650 1518 1683 G

261 1705 293 1747 2,
308 1706 339 1747 5,
354 1705 386 1747 2,
497 1709 696 1752 amputata
723 1707 1003 1753 constitutione]
1030 1707 1240 1754 postposita
1265 1708 1531 1744 constitutione
1552 1707 1621 1741 BG

261 1762 293 1805 2,
307 1763 338 1806 7,
354 1763 422 1806 3,2
493 1764 538 1800 de
569 1766 671 1800 statu
703 1765 760 1810 ac]
794 1764 1040 1811 ingenuitatis
1075 1765 1118 1800 de
1150 1768 1252 1801 statu
1285 1768 1397 1810 atque
1421 1765 1469 1808 G,
1503 1766 1547 1800 (10
1572 1767 1672 1799 statu
1707 1762 1953 1809 ingenuitatis
1983 1774 2025 1797 ac
2052 1762 2098 1803 Β,

1069 1823 1100 1849 in
1122 1823 1263 1850 0011110115ι

493 1855 632 1890 videtur
655 1857 769 1899 fuisse
793 1857 836 1891 in
861 1857 1052 1902 eccmplari
1077 1832 1120 1893 dg
1146 1860 1248 1893 statu
1274 1870 1317 1893 ac

263 1913 366 1955 2,12,
381 1913 447 1955 6,2
496 1913 611 1950 alieni
635 1913 763 1961 iurgii]
789 1914 905 1950 alieni
930 1915 1021 1950 iuris
1048 1916 1108 1951 uel
1134 1915 1246 1962 iurgii
1264 1914 1335 1950 BG

262 1971 294 2013 2,
310 1970 364 2014 13,
380 1972 410 2013 1,
425 1970 446 2006 3
488 1971 696 2017 -uoracitas]
722 1972 913 2018 rapacitas
932 1974 968 2008 B

263 2028 296 2071 2,
311 2028 399 2071 21,1
427 2030 449 2064 2
497 2029 691 2074 exhausta]
726 2030 917 2076 explicata
948 2031 1098 2076 expleta
1132 2032 1169 2066 et
1203 2032 1387 2066 euacuata
1419 2029 1599 2064 exhausta
1625 2027 1754 2072 (to-ibus
1777 2026 1900 2070 primis
1930 2025 2101 2060 vocabulis

493 2098 666 2132 superscr.
692 2089 832 2135 glossa)
856 2089 888 2124 G

263 2143 296 2185 2,
311 2142 366 2186 31,
382 2144 446 2187 1,3
497 2147 638 2180 certum
664 2146 863 2191 numerari]
891 2146 1018 2190 reliqui
1042 2150 1073 2181 et
1090 2147 1158 2190 13²,
1192 2145 1434 2182 certaminum
1461 2143 1573 2179 errari
1599 2144 1664 2187 13¹,
1696 2145 1836 2178 certum
1863 2140 2045 2175 nominari
2067 2140 2099 2174 G

264 2200 296 2244 3,
313 2202 343 2244 1,
356 2203 388 2244 2,
404 2201 425 2236 6
498 2203 690 2248 accedere]
715 2203 831 2240 liceat
856 2204 1031 2241 accedere
1058 2204 1132 2240 BG

264 2260 298 2302 3,
314 2259 342 2302 1,
358 2260 389 2302 2,
406 2260 467 2295 *11
495 2259 644 2307 uicinis]
672 2260 805 2296 uicinis
831 2261 1037 2298 scientibus
1063 2262 1140 2297 BG

264 2317 425 2360 5,1,8‚6
498 2318 638 2364 delata]
665 2319 805 2355 delicta
825 2320 887 2362 Gt,
913 2321 973 2355 uel
1000 2319 1239 2365 (de)re(licta)
1267 2319 1325 2355 uel
1352 2318 1478 2354 delata
1502 2317 1571 2359 GV,
1599 2315 1776 2352 derelicta
1802 2315 1838 2349 B

265 2374 298 2417 8,
314 2375 346 2417 2,
360 2376 392 2418 5,
407 2376 472 2411 *18
498 2377 737 2421 consenserit]
764 2378 986 2414 concesserit
1014 2379 1056 2420 B,
1083 2377 1319 2413 constituerit
1343 2376 1375 2411 G
1671 2399 1751 2423 statu

266 2431 298 2474 8,
318 2433 371 2474 18,
384 2433 417 2475 9,
432 2434 473 2468 *5
498 2434 569 2470 hoc
595 2435 695 2479 casu]
720 2437 823 2470 statu
848 2435 908 2471 uel
934 2435 972 2469 in
999 2447 1131 2471 occasu
1155 2434 1197 2476 G,
1223 2435 1324 2469 statu
1345 2434 1391 2475 B;
1419 2433 1548 2468 archei.
1575 2432 1644 2468 hoc
1671 2443 1756 2467 casu

268 2490 300 2532 9,
317 2490 347 2533 l,
364 2490 394 2532 1,
407 2491 430 2526 4
499 2491 676 2537 publicis]
701 2492 765 2527 rel.
782 2496 814 2527 et
835 2493 904 2536 GV,
931 2491 1127 2538 suppliciis
1147 2491 1199 2527 Gt

267 2548 300 2588 9,
317 2547 347 2589 l,
363 2548 416 2590 12,
427 2548 485 2592 2s3
503 2548 712 2585 criminosis
737 2549 967 2595 priusquam]
995 2550 1199 2585 criminosis
1224 2561 1295 2584 non
1321 2548 1424 2594 prius
1450 2548 1560 2583 datur
1585 2559 1697 2592 quam
1722 2546 1795 2581 BG

266 2605 299 2647 9,
314 2605 348 2647 3,
362 2606 393 2647 7,
408 2606 451 2640 *4
491 2610 574 2651 post
598 2607 854 2643 sacerdotibus
879 2609 947 2642 ins.
974 2608 1034 2644 uel
1060 2620 1082 2643 a
1107 2606 1406 2643 mendicantibus
1431 2605 1506 2640 BG

267 2663 300 2705 9,
314 2664 346 2706 7,
364 2664 393 2706 1,
411 2665 427 2698 1
502 2676 693 2710 cauponae
717 2678 764 2701 an
782 2665 966 2711 ministra]
990 2665 1204 2701 causatione
1223 2663 1498 2699 amministrata
1517 2664 1557 2704 B,
1584 2663 1760 2698 tabernae
1780 2660 2051 2697 amministrata
2072 2659 2102 2693 G

268 2721 300 2763 9,
315 2721 347 2763 7,
365 2722 394 2763 1,
409 2722 433 2756 4
504 2722 723 2768 plerumque
748 2723 844 2769 ipsa]
870 2724 932 2759 rel.
952 2727 985 2758 et
1004 2723 1065 2766 Gt,
1093 2723 1309 2768 plerumque
1336 2721 1417 2756 iura
1442 2722 1484 2763 B,
1511 2721 1591 2755 iura
1616 2720 1700 2765 ipsa
1719 2720 1778 2754 (ἓν

176 2794 280 2831 Haec
305 2797 478 2843 exempla
506 2809 551 2834 ex
568 2802 755 2845 apparatu
781 2799 892 2834 facile
918 2798 1089 2845 augenda
1115 2798 1313 2834 ostendunt
1339 2797 1386 2831 ad
1411 2797 1654 2840 archetypum
1674 2805 1861 2829 commune
1887 2794 1986 2828 recte
2011 2795 2104 2827 trac-

176 2853 335 2889 tandum
361 2857 493 2891 neutro
519 2857 739 2903 apographo
766 2868 890 2893 carere
915 2868 980 2891 nos
1005 2868 1120 2901 posse.
1149 2853 1446 2901 dittographiam
1467 2853 1504 2887 in
1523 2853 1692 2888 Gothano
1710 2852 1924 2897 plerumque
1942 2850 2104 2890 retineri.

175 2910 508 2949 Wallersteinense
540 2925 559 2950 e
591 2915 776 2950 contrario
815 2926 897 2949 eam
932 2913 1074 2949 evitare
1112 2913 1232 2949 altera
1270 2915 1355 2947 utra
1393 2910 1557 2946 lectione'
1590 2921 1801 2954 suppressa,
1842 2907 2102 2943 auctoritatem

178 2971 305 3005 autem
329 2970 501 3007 lectionis
527 2975 701 3018 receptae
728 2972 883 3008 eandem
909 2984 986 3008 esse
1012 2974 1125 3015 atque
1152 2969 1372 3014 adscriptae.
1422 2968 1475 3004 Dc
1501 2967 1722 3003 lectionibus
1749 2965 1839 3011 ipsis
1864 2964 2104 3001 aestimandis

175 3026 274 3063 infra
298 3031 440 3075 agetur.

293 3109 548 3148 Murbacensis
566 3111 655 3147 libri
668 3114 693 3156 ²)
720 3110 906 3157 deperditi
934 3110 997 3154 (ad
1022 3109 1275 3146 litteraturam
1300 3107 1379 3143 eius
1405 3106 1695 3152 cognoscendam
1721 3104 1813 3139 facit
1832 3103 1929 3147 quod
1955 3103 1991 3138 in
2016 3114 2103 3147 apo-
2153 3102 2182 3135 0

178 3166 324 3212 grapho
340 3168 373 3209 9,
387 3167 442 3211 38,
456 3168 487 3210 8,
502 3169 524 3203 2
548 3169 700 3212 affectus
726 3171 783 3205 est
806 3181 872 3214 pro
897 3169 1044 3212 affatus,
1069 3167 1116 3202 ad
1141 3166 1331 3212 originem,
1358 3165 1456 3209 quod
1480 3166 1566 3210 post
1583 3163 1767 3198 novellam
1787 3160 2041 3196 Valentiniani
2062 3161 2102 3195 19

297 3262 324 3305 ¹)
349 3263 433 3296 Eius
463 3265 662 3297 monasterii
694 3260 922 3298 bibliothecae
954 3268 1045 3297 extat
1077 3262 1254 3305 catalogus
1285 3272 1314 3293 a.
1335 3259 1423 3293 1464
1456 3261 1567 3293 factus
1594 3257 1648 3299 (cs.
1676 3256 1944 3290 F.xv.1·:.1>.0th
1972 3254 2104 3287 Strau-

179 3309 302 3352 bwryer
321 3307 465 3342 Studien
489 3310 555 3343 vol.
574 3308 595 3343 3
619 3321 650 3343 a.
668 3307 758 3344 1888
783 3321 815 3354 p.
833 3309 928 3353 336),
953 3310 1012 3343 sed
1037 3309 1139 3341 huius
1163 3307 1349 3341 voluminis
1374 3307 1500 3338 mentio
1527 3307 1559 3337 ἰιι
1587 3316 1625 3336 co
1651 3304 1747 3336 nulla
1771 3304 1818 3342 fit,
1846 3314 1909 3335 nec
1934 3303 2044 3344 magis
2071 3302 2105 3333 in

179 3356 346 3390 relatione
369 3355 411 3388 de
436 3355 643 3390 bibliotheca
667 3367 707 3390 ea
732 3358 859 3390 inserta
883 3357 1043 3399 operibus
1067 3354 1247 3388 Mabilloni
1273 3359 1305 3386 ct
1329 3353 1485 3385 Ruiuarti
1511 3351 1631 3392 (Paris.
1653 3348 1753 3391 1724)
1782 3349 1848 3381 vol.
1867 3349 1889 3381 3
1914 3360 1946 3391 p.
1965 3346 2041 3380 4⁴39.

317 3410 456 3446 Tmzon.
477 3412 504 3447 I.
1808 3416 1828 3438 s
