2501 3615
200 554 232 590 3.

176 2461 228 2496 10.

178 2703 230 2739 11.

203 2851 232 2864 A·

179 2955 231 2991 13.

180 3197 224 3232 14

992 171 1035 176 —
1084 152 1203 186 LXIII
1252 173 1295 178 -—

384 253 527 297 ἬΙανί.)
554 252 718 294 iubetur,
746 253 862 289 donec
888 254 918 289 si
943 267 1016 299 qua
1043 254 1278 298 distraxerat,
1304 257 1576 302 possessoribus
1602 259 1692 294 refe-

387 311 538 353 ‘rantur,
564 310 594 345 si
621 322 696 355 qua
722 323 806 346 vero
832 312 985 356 praedia
1010 324 1075 347 suo
1100 312 1240 348 nomini
1267 316 1551 360 comparaverat
1578 314 1635 349 vel
1663 314 1693 349 si

383 369 489 413 ‘quas
521 368 630 404 aedes
659 370 748 413 (qua
779 369 858 405 sedi
883 369 1010 413 Mart.)
1041 372 1206 415 tempore
1237 383 1325 407 suae
1355 371 1690 408 administrationis

383 427 599 462 ‘extorserat
626 428 852 469 (extruxerat
870 427 966 471 HL),
1000 426 1070 462 iuri
1101 428 1153 463 rei
1184 428 1357 473 publicae
1389 429 1544 473 (romani
1570 430 1689 475 ponti-

381 484 473 520 ‘ficis
499 485 626 530 Mart.)
655 484 889 520 vindicentur
915 485 1147 528 (ucndicctur
1171 486 1310 530 Mart).

259 554 379 600 [‘Hinc.
401 557 468 594 est,
490 555 589 599 quod
614 567 728 600 usque
747 555 795 590 ad
814 557 956 591 vestrae
975 554 1186 590 serenitatis
1210 555 1453 601 magistratus
1476 556 1588 592 annui
1611 559 1688 592 tani

381 612 453 647 ‘illi
485 611 523 647 in
555 612 725 657 partibus
750 615 1032 658 permanserunt
1064 624 1173 657 quam
1206 612 1289 649 istis
1320 613 1356 648 iu
1389 614 1558 659 partibus
1590 615 1691 660 apud

383 671 461 706 ‘nos
479 671 660 706 hactenus
679 682 892 716 permanere
912 670 1127 715 probant-ur,
1153 673 1194 705 ut
1214 670 1389 707 videlicet
1414 672 1688 708 alternantibus

381 728 461 773 ‘per
486 728 631 763 alterna
658 727 812 763 ducibus
838 727 1061 773 tempora-lia
1087 729 1287 773 augeretur
1311 728 1467 764 Romani
1501 730 1688 775 pontificis

379 786 518 832 ‘potius
531 799 642 832 quam
661 786 811 832 perenni
826 785 1112 832 magistratibus
1132 785 1168 820 in
1187 785 1243 820 ius
1261 786 1451 831 proprium
1470 786 1685 832 redigatur.]

256 851 308 886 “et
332 850 445 886 infra:

380 907 491 943 ‘Nam
517 920 600 943 cum
626 919 746 943 rerum
772 906 952 953 possessio
979 906 1056 941 sive
1082 905 1119 940 in
1146 905 1363 941 decennium
1395 905 1472 940 sive
1505 906 1542 941 in
1570 906 1689 942 vicen-

381 965 497 1001 ‘nium
514 965 592 1001 sive
610 965 647 1000 in
665 963 897 1004 tricennium,
925 963 1021 998 sicut
1039 963 1093 1007 (ut
1111 963 1235 1007 Mart.)
1252 962 1486 1009 legislatores
1511 968 1689 1007 asserunt,

383 1023 615 1058 ‘excludatur
634 1022 691 1058 vel
716 1021 960 1063 confirmetur,
988 1032 1105 1062 cerne,
1132 1020 1298 1066 piissime
1326 1021 1559 1067 [Christoque
1584 1023 1691 1059 devo-

379 1080 549 1126 ‘tissime]
576 1080 788 1125 imperator,
811 1081 992 1124 quantum
1009 1080 1165 1123 (quanta
1183 1079 1322 1123 Pslnyk)
1348 1079 1547 1125 unicuique
1566 1081 1691 1117 discri-

382 1137 504 1173 ‘minis
528 1137 662 1173 inferre
681 1137 806 1172 valeat
823 1137 880 1172 tot
898 1148 1076 1172 annorum
1095 1136 1352 1182 praescriptio,
1379 1137 1464 1172 dum
1484 1138 1689 1182 tyrannicis

378 1195 550 1232 ‘ducibus
579 1194 824 1241 magistratus
850 1193 1062 1235 continuus,
1098 1194 1210 1239 [quod
1242 1206 1264 1229 a
1295 1195 1454 1230 saeculis
1488 1208 1691 1241 numquam

378 1253 563 1290 ‘auditum
587 1252 665 1288 sive
690 1253 830 1288 lectum
854 1251 1117 1297 reminiscitur]
1144 1252 1380 1298 suffragatur.

255 1322 489 1369 ‘praesertim
514 1334 597 1358 cum
622 1321 662 1356 in
686 1321 863 1358 Romanis
887 1321 1034 1368 legibus
1059 1323 1210 1356 cautum
1235 1321 1286 1357 sit

379 1380 436 1416 ‘ut
468 1380 509 1416 id
543 1382 692 1416 tantum
726 1380 770 1415 de
801 1391 907 1415 sacra
937 1378 1175 1425 responsione
1207 1379 1457 1415 substantiam
1491 1382 1692 1422 mutuetur,

381 1437 493 1482 ‘quod
517 1437 642 1484 legum
668 1437 810 1473 auxilia
835 1438 1108 1483 prosequuntur
1133 1438 1392 1482 (persecuntur
1415 1438 1551 1481 Mart).

253 1503 306 1538 ‘et
329 1501 483 1538 iterum:

379 1559 574 1596 ‘Generale
600 1561 844 1605 praeceptum
868 1557 1047 1595 beneficio
1073 1557 1230 1603 speciali
1256 1558 1534 1594 anteferendum
1561 1563 1627 1596 est.

255 1625 308 1662 ‘et
331 1623 440 1660 illud:

381 1681 534 1717 ‘Contra
564 1680 621 1715 ius
646 1679 828 1725 rescripta
857 1691 930 1714 non
957 1679 1107 1715 valeant
1132 1680 1274 1723 (ualent
1295 1680 1437 1724 Mart),
1464 1692 1696 1725 quocumque

381 1739 503 1775 ‘modo
528 1738 666 1774 fuerint
697 1737 918 1784 impetrata:
952 1737 1050 1781 quod
1082 1737 1180 1773 enim
1214 1737 1369 1783 publica
1401 1738 1481 1773 iura
1513 1738 1692 1784 praescri-

382 1797 500 1839 ‘bunt,
526 1796 597 1833 hoc
622 1797 704 1839 (om.
724 1796 849 1840 Mart.)
875 1794 996 1841 magis
1021 1794 1126 1839 sequi
1149 1794 1290 1831 iudices
1316 1795 1461 1831 debent.

256 1862 308 1898 ‘et
332 1860 446 1896 infra:

379 1917 609 1955 ‘Personalia
631 1917 824 1962 rescripta,
843 1928 938 1961 quae
961 1929 1043 1952 eum
1066 1916 1145 1952 iure
1165 1917 1399 1958 concordant,
1420 1917 1569 1953 valeant
1592 1929 1692 1953 more

380 1976 561 2012 ‘veterum
593 1977 629 2010 et
659 1973 818 2020 negotii,
851 1974 895 2009 de
921 1985 993 2018 qno
1022 1973 1189 2018 loquitur
1212 1975 1337 2009 nostra
1362 1974 1574 2019 rescriptio,
1606 1974 1689 2009 finis

379 2034 494 2068 ‘latae
518 2031 727 2069 sententiae
754 2031 910 2074 (sentiae
939 2031 1064 2075 Mart.)
1091 2031 1260 2067 terminis
1286 2034 1496 2073 censeatur,
1529 2032 1692 2078 speciale

376 2091 472 2134 ‘(-les
486 2091 613 2135 Mart.)
634 2092 760 2126 autem
780 2089 811 2123 si
829 2089 918 2133 quid
936 2089 995 2132 (de
1012 2089 1080 2123 ins.
1094 2089 1221 2133 Mart.)
1240 2088 1386 2134 legibus
1411 2100 1453 2123 ac
1478 2089 1549 2124 iuri
1566 2091 1689 2134 portet

379 2148 590 2194 ‘(imp0rtat
610 2147 733 2192 Mart.)
758 2146 949 2189 iniuriam,
981 2146 1165 2182 abolitum
1197 2146 1405 2192 extirpetur
1431 2147 1606 2190 (abolitos
1631 2158 1689 2182 ex-

383 2205 515 2252 ‘tirpes
533 2205 673 2251 Mam).

222 2303 230 2310 .
256 2274 479 2322 [Gregorius
504 2274 676 2310 Ianuario
705 2273 881 2320 episcopo
914 2273 1142 2309 Calai-itano.
1192 2273 1381 2318 Imperi-ali
1415 2273 1682 2309 constitutione

380 2333 523 2379 ‘aperte
559 2332 746 2368 sancitum
771 2334 843 2373 est,
883 2334 925 2367 ut
951 2344 1012 2373 ea,
1050 2344 1145 2376 quae
1181 2334 1309 2366 contra
1341 2332 1441 2377 leges
1473 2332 1579 2373 fiunt,
1617 2342 1688 2366 non

379 2391 512 2426 ‘solum
537 2390 704 2431 inutilia,
737 2390 801 2425 secl
825 2388 940 2425 etiam
964 2401 1031 2435 pro
1056 2388 1204 2424 infectis
1230 2389 1402 2424 habenda
1428 2388 1528 2434 siut]

253 2460 304 2496 ‘et
328 2460 462 2496 beatus
485 2458 654 2495 Gelasius
680 2459 750 2495 ait:

381 2516 486 2560 ‘Quis
509 2516 607 2552 enim
631 2519 698 2552 aut
722 2517 824 2562 leges
849 2515 1060 2561 principum
1087 2517 1153 2550 aut
1176 2518 1326 2560 patrum
1351 2513 1499 2560 regulas
1530 2516 1596 2548 aut
1627 2513 1690 2548 ad-

380 2573 617 2610 ‘monitiones
648 2573 843 2609 modernas
873 2572 976 2608 dicat
1009 2572 1137 2615 (ducat
1159 2571 1290 2616 Marc.)
1326 2571 1458 2606 debere
1489 2570 1686 2611 contemni,

347 2674 349 2676 Ι
380 2630 466 2667 ‘nisi
483 2629 547 2676 qui
564 2630 790 2676 impunitum
808 2629 881 2666 sibi
898 2632 1046 2666 tantum
1063 2629 1237 2665 aestimet
1254 2628 1410 2665 transire
1429 2627 1688 2663 commissum?

254 2702 306 2739 ‘et
329 2701 481 2738 iterum:

383 2758 548 2805 ‘Semper
573 2757 792 2794 constitutio
817 2758 971 2803 generat
997 2757 1179 2792 temerata
1208 2754 1421 2790 vindictam.

256 2827 383 2864 ‘Vides
404 2839 502 2874 ergo,
520 2827 574 2862 ffli
593 2826 792 2868 carissime,
812 2825 901 2870 quia
919 2825 1016 2870 quod
1035 2826 1163 2860 contra
1181 2824 1282 2869 leges
1298 2835 1454 2867 usquam
1471 2828 1549 2866 (om.
1563 2822 1690 2866 Mart.)

382 2884 524 2931 ‘agitur
548 2884 748 2930 (accipitur
765 2884 901 2927 Mam),
927 2894 994 2928 per
1017 2882 1118 2928 leges
1144 2880 1296 2916 dissolvi
1321 2882 1491 2916 meretur.

258 2955 378 3001 [²1tem
401 2955 513 3001 longe
537 2954 709 2991 inferius:

380 3012 441 3048 ‘Et
478 3012 585 3049 iuxta
618 3013 717 3058 quod
748 3012 853 3048 Felix
887 3010 1142 3047 sanctissimus
1178 3010 1436 3055 praedecessor
1470 3009 1593 3043 noster
1628 3007 1688 3042 ad-

382 3070 553 3113 ‘severat,
578 3069 617 3104 in
639 3069 699 3106 die
725 3069 855 3105 iudicii
881 3069 995 3105 talem
1020 3080 1042 3103 a
1066 3067 1172 3103 nobis
1197 3067 1376 3102 ambobus
1402 3064 1599 3101 ecclesiam
1617 3076 1688 3100 cer-

381 3128 474 3162 ‘tum
499 3129 565 3170 est,
592 3127 741 3172 qualem
767 3139 789 3162 a
814 3126 984 3172 patribus
1010 3124 1232 3170 accepimus
1257 3123 1447 3169 exigenda.

257 3195 396 3232 ‘Etiam
420 3195 457 3230 in
483 3196 555 3231 hac
580 3196 661 3232 vita
686 3208 724 3232 se
749 3196 797 3232 ad
822 3208 904 3232 eam
929 3194 1114 3241 pertinere
1141 3195 1356 3239 cognoscat,
1385 3191 1449 3237 qui
1474 3203 1545 3226 non
1571 3191 1690 3226 solum

383 3253 587 3299 ‘plenitura
612 3253 691 3289 eius
715 3253 826 3289 noxia
845 3256 1000 3289 conatur
1017 3252 1162 3293 inferre,
1189 3263 1313 3286 verum
1339 3250 1454 3285 etiam
1479 3249 1543 3293 qui
1569 3248 1688 3283 eidem

382 3310 642 3356 ‘congruentia
659 3310 871 3346 dissimulat
896 3309 1101 3356 providere,
1127 3307 1356 3344 serenissime
1382 3307 1586 3352 imperator
1604 3306 1690 3348 (non

383 3368 516 3404 ‘solum
541 3367 606 3413 qui
630 3381 664 3403 n.
686 3367 708 3403 i.
735 3379 764 3403 c.
788 3380 822 3403 u.
841 3371 888 3404 et.
908 3380 942 3412 q.
968 3379 1090 3413 congr.
1117 3378 1169 3412 pr.
1196 3365 1280 3401 diss.
1312 3365 1438 3409 repetit
1463 3364 1609 3407 Mart.)‚
1641 3361 1689 3398 ad

1781 1561 1849 1595 Th.
1871 1561 1945 1602 1,1,
1960 1560 1982 1594 4

1791 1682 1858 1716 Th.
1879 1682 1908 1722 1,
1923 1682 1954 1722 2,
1969 1681 1990 1715 2

1777 2271 1975 2317 Gregorius
2020 2283 2076 2316 ep.

1781 2331 1812 2370 9,
1830 2330 1894 2364 197
1920 2340 1963 2364 ex
1989 2328 2078 2363 Iust.

1786 2388 1814 2429 1,
1832 2386 1882 2428 14,
1897 2388 1917 2421 5
