2501 3615
938 149 978 154 -—
1028 129 1198 164 LXXVII
1248 149 1290 155 —

149 233 307 273 tissime;
334 232 565 278 praelmsitus
590 244 656 277 pro
681 236 767 275 171ch
799 232 885 267 titus
911 245 975 278 pro
1000 233 1142 275 titulus;
1167 234 1354 269 «ηιιῖωιίίηο
1380 246 1444 280 pro
1471 234 1731 277 1·alenti11iano;
1759 235 1983 272 theodosiano
2008 250 2073 283 pro

148 290 343 333 theodo-sio,-
371 289 511 333 publico
538 305 579 318 =
603 294 673 333 p‘ui:
704 290 928 324 constantino
958 289 1157 333 (interdurn
1189 291 1271 326 add.
1297 293 1397 336 augy.)
1423 292 1601 335 praefecto
1627 308 1668 321 =
1693 295 2076 339 constant(ino)p(oli),-

147 348 347 393 pacaciano
372 348 418 390 (⁴2.
438 347 487 382 19.
503 349 537 381 6³
566 362 607 376 =
628 348 741 391 p('ost)
766 349 1029 392 domiducam).
1066 349 1205 384 Horuni
1232 350 1407 394 pleraque
1434 362 1498 384 nos·
1524 349 1559 384 in
1585 353 1807 395 apparatum
1834 364 1904 386 non
1930 353 2074 388 rettuli-

147 419 238 441 mus.
266 425 304 430 —-
333 405 602 450 Apogmphuni
629 404 765 439 codicis
790 405 899 440 liuius
922 406 1061 441 factum
1088 418 1181 441 saec.
1198 406 1283 440 XVI
1307 410 1428 441 servat
1457 407 1583 442 eadem
1608 407 1839 444 bibliotheca
1860 409 1937 444 Lat.
1954 412 2073 446 16001.

150 464 261 498 16002
288 465 413 506 (antea
440 462 561 497 Blaise
587 463 694 503 affin
721 463 908 498 Sorbonne
933 464 1009 497 2535.
1028 465 1111 503 2323&
1139 464 1251 499 Paris.
1278 465 1399 509 suppl.
1427 465 1506 499 Lat.
1529 467 1607 500 1³95.
1633 467 1718 507 3995
1751 467 1890 503 Haenel
1919 470 1959 502 1><
1979 485 2019 497 =
2038 471 2074 511 9)

147 520 361 557 adhibitum
387 522 425 555 et
449 532 469 554 a
489 519 589 554 Tilio
616 523 671 562 (ut
697 520 909 555 observavit
929 520 1068 555 Huenel
1095 521 1193 556 brev.
1211 534 1244 567 p.
1262 522 1415 564 xxvll)
1441 525 1478 557 et
1504 535 1525 557 a
1544 523 1772 565 Bouchardo,
1800 525 1843 560 de
1869 537 1941 569 quo
1967 527 2075 571 plura

147 578 276 614 afferre
303 588 619 623 supervacaneum
645 581 712 612 est.
740 598 781 602 —
808 578 860 612 Ex
887 577 1013 613 codice
1039 578 1067 612 S
1089 578 1228 613 varium
1255 578 1451 614 lectionem
1478 580 1524 614 ad
1552 580 1848 616 'I'heodosianuni
1875 583 2074 629 adscripsit

147 637 408 671 Ranconnetus
428 635 475 670 ad
494 635 684 680 exemplar
701 634 876 670 editionis
895 634 1159 670 Sichardianae
1185 635 1385 679 aliquando
1411 649 1526 677 sumn,
1553 637 1683 673 deinde
1702 638 1850 674 Pithoei
1876 639 2075 685 (inscripta

146 695 234 728 sunt
257 692 294 727 in
312 691 402 727 folio
426 691 545 736 primo
563 692 792 727 dominorum
819 691 967 727 nomina
991 691 1033 726 de
1053 692 1264 727 Ranconnec
1283 696 1320 728 ct
1339 693 1378 727 P.
1394 694 1553 738 Pichoei)‚
1579 695 1652 730 iani
1678 695 1929 732 bibliothecae
1955 697 2074 742 publi-

147 761 212 786 cae
230 749 420 784 Parisinae
445 750 577 784 reserre
594 749 677 793 F5;
701 750 748 784 ad
766 749 922 784 Paulum
942 752 1066 784 tamen
1085 761 1179 793 quae
1198 750 1433 788 adnotantur.
1460 763 1502 785 ex
1521 754 1626 796 parte
1647 752 1795 789 aliunde
1814 754 2011 797 veniunt.¹)
2031 774 2074 779 —

146 807 242 843 Usus
266 808 323 843 est
348 806 442 842 libro
467 806 574 842 nobis
594 807 623 841 S
644 806 817 841 t'uiacius
843 818 874 841 a.
892 807 979 842 1558
999 807 1156 841 Paulum
1181 807 1290 842 edens
1316 810 1352 843 ct
1374 807 1609 844 Ilanconncto
1635 810 1835 845 editionem
1860 811 2074 855 (letlicans.²)

148 864 206 899 Ad
231 863 529 900 Theodosi-anum
556 867 641 909 post
666 863 886 900 Haenelium
912 876 994 898 eum
1021 863 1100 909 ipse
1128 865 1269 899 contuli
1293 865 1442 900 missum
1468 866 1689 902 Berolinum.

261 955 449 992 Parisinus
479 956 570 991 4403
602 955 757 998 (Haenel
782 955 803 989 8
830 970 871 984 =
898 955 956 995 12;
989 955 1093 1001 origo
1129 955 1321 1001 ignoratur
1351 969 1468 1001 neque
1502 960 1599 993 recte
1638 959 1799 994 creditur
1834 960 1928 997 liber
1963 962 2073 997 fuisse

145 1013 296 1050 Claudii
319 1014 493 1058 Puteani)
519 1026 613 1050 saec.
632 1013 721 1048 VIII
748 1012 916 1049 exeuntis
949 1013 1007 1048 vel
1034 1013 1248 1059 incipientis
1275 1015 1323 1049 IX
1350 1014 1569 1060 (scripturae
1595 1016 1781 1061 specimen
1806 1017 1989 1054 adiectum
2017 1022 2073 1054 est

145 1071 334 1108 Hauboldi
373 1071 562 1117 opusculis
593 1071 703 1106 vol.2
736 1083 770 1115 p.
794 1070 876 1113 918)
914 1070 1032 1105 solum
1069 1070 1295 1105 breviarium
1334 1071 1500 1107 continet
1536 1073 1648 1117 idque
1686 1075 1935 1120 (transpositis
1973 1077 2072 1112 foliis

145 1129 368 1175 quibusdam
393 1129 446 1164 sic
468 1127 683 1164 ordinandis
700 1128 755 1164 63.
775 1127 922 1163 65-68.
941 1128 994 1162 64.
1013 1128 1068 1169 69,
1092 1128 1224 1164 deinde
1244 1130 1296 1163 78.
1312 1130 1365 1163 81.
1386 1130 1438 1164 79.
1457 1130 1510 1166 80.
1529 1131 1674 1165 82—85.
1693 1132 1767 1165 87³.
1785 1132 1839 1166 86.
1854 1132 1908 1167 88.
1923 1134 1997 1168 8711.
2015 1134 2072 1177 89)

144 1189 220 1224 fere
244 1188 441 1234 integrum.
487 1185 713 1222 Exciderunt
738 1184 850 1231 primi
875 1185 1132 1230 quaternionis
1159 1186 1313 1233 (signati
1339 1187 1425 1221 oliui
1444 1188 1493 1229 A)
1519 1187 1609 1223 folia
1634 1189 1715 1230 duo,
1742 1189 1909 1233 primum,
1936 1190 1971 1225 in
1999 1202 2071 1235 quo

144 1245 220 1282 fuit
235 1247 421 1281 tractatus
438 1244 526 1286 eius,
553 1244 597 1280 de
615 1255 688 1288 quo
706 1243 803 1278 infra
823 1242 977 1285 dicetur,
1005 1243 1231 1289 principium
1249 1246 1348 1287 (ante
1373 1256 1454 1280 eum
1474 1245 1534 1279 vix
1558 1248 1682 1290 potest
1704 1246 1843 1291 scripta
1861 1247 1970 1283 fuisse
1989 1259 2071 1282 auc-

145 1303 279 1340 toritas
294 1301 448 1346 Alarici)
473 1303 512 1337 et
537 1304 720 1343 octavum,
748 1313 820 1346 quo
847 1301 1107 1337 continebatur
1124 1301 1257 1337 indicis
1276 1302 1505 1337 rubricarum
1530 1315 1615 1348 pars
1640 1306 1803 1339 extrema
1828 1304 1913 1340 inde
1939 1317 1961 1339 a
1986 1305 2008 1339 l.
2030 1306 2068 1340 ll

144 1361 205 1398 tit.
223 1361 267 1396 36
287 1376 329 1390 =
346 1361 371 1396 4
398 1360 443 1396 de
468 1359 752 1404 quaestionibus
783 1360 830 1394 ad
855 1359 981 1400 finem;
1014 1359 1103 1395 item
1129 1372 1242 1395 unum
1267 1362 1351 1405 post
1377 1361 1436 1401 69,
1463 1373 1535 1405 quo
1562 1361 1846 1397 continebantur
1869 1362 1901 1402 4,
1916 1362 1970 1401 22,
1984 1362 2015 1403 3,
2031 1363 2070 1393 *8

144 1419 317 1464 (expetat)
341 1418 403 1453 sed
418 1417 586 1462 patiatur
612 1444 619 1452 .
640 1445 647 1452 .
667 1445 674 1452 .
694 1445 701 1452 .
726 1418 758 1459 4,
773 1417 827 1458 22,
840 1418 871 1459 6,
887 1418 927 1452 *3
947 1428 1104 1461 per-soom
1127 1429 1226 1462 affere
1245 1420 1397 1463 (potest),
1423 1419 1512 1455 item
1538 1423 1622 1464 post
1647 1419 1775 1454 folium
1802 1420 2069 1465 paenultimum

144 1476 275 1513 finiens
305 1475 344 1510 in
374 1474 697 1521 interpretationis
728 1474 776 1509 ad
802 1475 958 1510 Paulum
982 1476 1117 1517 5,28‚2
1141 1475 1264 1511 verbis
1295 1476 1369 1510 his:
1402 1476 1605 1511 humiliores
1629 1487 1804 1521 personae
1833 1477 1874 1510 in
1904 1477 2070 1511 iudicium

142 1535 255 1579 capite
271 1534 496 1578 puniuntur,
521 1532 731 1567 honestiores
754 1532 794 1566 in
818 1533 977 1567 ‘insulam
1000 1533 1204 1578 ‘religantur
1229 1533 1357 1568 folium
1384 1546 1506 1575 uuum,
1532 1546 1604 1578 quo
1622 1534 1908 1570 continebantur
1924 1538 2072 1580 praeter

143 1591 306 1628 Paulina
334 1590 481 1636 reliqua
511 1592 688 1635 excerpta
719 1601 763 1626 ex
795 1589 1023 1635 Gregoriano
1053 1590 1349 1636 Hermogeniano
1382 1591 1587 1636 Papiniano
1619 1594 1657 1627 et
1687 1591 1907 1636 appendicis
1939 1591 2071 1636 prioris·

142 1648 388 1695 principium;
425 1648 561 1683 adsunt
598 1659 642 1683 ex
677 1659 721 1683 ea
754 1646 792 1682 in
825 1647 915 1683 folio
951 1649 1113 1683 extremo
1147 1660 1241 1692 quae
1275 1648 1450 1693 leguntur
1482 1649 1582 1693 apud
1617 1649 1844 1694 Kruegerum
1875 1661 1909 1694 p.
1933 1649 2010 1689 254,
2030 1650 2071 1684 16

143 1705 402 1752 (credam-ibus)
418 1705 617 1740 convenires
642 1733 649 1739 .
669 1733 675 1740 .
695 1733 702 1740 .
722 1733 729 1739 .
754 1717 790 1750 p.
809 1705 922 1748 258,ss
948 1705 1058 1740 libello
1082 1706 1155 1740 lata
1179 1705 1269 1749 (own
1291 1706 1420 1751 f'uerit)
1445 1705 1597 1750 reliquis
1621 1705 1832 1750 deperditis.
1874 1706 2071 1741 Praeterea

143 1766 298 1810 propter
321 1762 520 1809 archetypi
546 1763 731 1799 defectum
757 1763 864 1798 abest
888 1763 977 1799 libri
995 1764 1065 1798 XII
1092 1775 1177 1808 pars
1204 1762 1288 1798 inde
1314 1775 1335 1798 a
1362 1763 1528 1805 12,1,12,
1546 1764 1588 1798 10
1612 1764 1667 1806 (ut
1691 1763 1730 1797 in
1754 1767 1906 1808 utraque
1929 1764 2070 1808 serviat)

141 1821 282 1856 civitate
313 1821 361 1856 ad
384 1821 493 1857 finem
522 1820 610 1856 libri
636 1819 724 1857 eius.
758 1840 800 1846 —
831 1820 945 1857 Index
975 1820 1223 1862 rubricarum,
1256 1820 1320 1865 qui
1351 1820 1575 1856 breviarium
1605 1821 1796 1866 praecedit
1826 1820 1982 1856 adiectis
2013 1833 2069 1856 ex-

143 1878 426 1925 planationibus
449 1878 506 1921 iis,
532 1879 577 1915 de
603 1878 739 1924 quibus
765 1877 909 1913 dicetur
931 1877 970 1913 in
996 1878 1121 1923 capite
1148 1881 1296 1920 octavo,
1323 1878 1524 1924 inscriptus
1549 1881 1605 1914 est
1628 1878 1809 1922 incipiunt
1839 1878 2001 1922 capitula
2029 1878 2071 1913 (Ie

150 1936 363 1972 Tenedosiani
385 1936 513 1972 codicis
537 1936 624 1970 lzbro
647 1935 684 1980 I,
714 1935 905 1978 extremis,
931 1938 974 1971 ut
999 1948 1110 1982 supra
1136 1936 1277 1970 dictum
1303 1939 1373 1978 est,
1400 1935 1658 1972 deficientibus
1682 1934 1771 1970 folio
1797 1935 1999 1980 deperdito.
2032 1955 2068 1960 —

143 1994 423 2032 Theodosianus
455 1994 570 2029 titulo
602 1996 704 2030 caret
735 1995 796 2037 (m.
814 1994 834 2028 2
860 1993 1118 2040 praescripsit:
1151 1995 1281 2039 incipit
1311 1995 1397 2029 liei
1427 1994 1630 2037 thidosiani)
1659 1993 1842 2038 incipiens
1873 2005 1895 2028 a
1923 1992 2070 2028 rubrica

145 2055 207 2096 1‚1
240 2053 283 2088 de
305 2052 614 2088 constitutionibus
632 2052 841 2096 fflincz'pum
866 2055 899 2086 et
923 2051 1062 2096 edictis,
1095 2064 1213 2097 neque
1247 2051 1462 2088 crediderim
1496 2052 1612 2087 ullum
1647 2051 1756 2086 fuisse
1789 2050 1827 2084 in
1851 2049 1941 2085 folio
1971 2051 2069 2094 quod

143 2109 337 2156 praeeedit
361 2109 567 2156 deperdito.
614 2110 657 2144 In
682 2109 753 2145 fine
778 2109 888 2155 primi
913 2109 1002 2145 libri
1025 2109 1179 2155 legitur:
1213 2110 1351 2154 amplicit
1375 2110 1462 2144 lini
1490 2109 1614 2152 ΤΙιὶιῖε,
1648 2108 1770 2152 iowz'pz't
1795 2108 1849 2142 lib.
1866 2107 1909 2151 ii,
1935 2107 1973 2141 in
2000 2108 2069 2143 fine

143 2167 338 2214 postremi:
370 2168 510 2212 explicit
537 2159 709 2202 Theuffl
732 2167 872 2202 Zzboeui
901 2168 1080 2213 felicyter;
1112 2169 1305 2213 praeterea
1334 2166 1475 2202 numeri
1507 2166 1576 2201 soli
1605 2165 1839 2211 reperiuntur
1869 2164 2068 2210 subscripti

143 2227 182 2260 et
205 2224 440 2271 praescripti.
457 2245 501 2251 —
519 2224 820 2270 Subscriptiones
839 2224 1146 2260 constitutionum
1172 2236 1237 2270 per
1258 2224 1396 2270 priores
1420 2223 1534 2259 libros
1560 2224 1692 2269 plenae
1717 2226 1812 2263 sunt,
1839 2222 1970 2258 deinde
1994 2224 2067 2257 fere

143 2281 352 2324 breviatae,
383 2282 512 2328 itaque
536 2294 610 2318 non
639 2285 726 2318 sunt
751 2284 925 2328 receptae
950 2282 988 2317 in
1013 2286 1248 2328 apparatum.
1275 2303 1318 2307 -
1345 2280 1572 2327 Compendi-a
1597 2280 1634 2315 in
1659 2279 1962 2325 inscriptionibus
1988 2280 2068 2314 sub-

143 2339 482 2386 scriptionibusque
516 2339 674 2382 usitata,
712 2338 750 2374 in
783 2339 840 2375 his
869 2343 944 2384 p‘ffo
980 2343 1018 2375 et
1048 2345 1103 2385 1⁹7⁶
1136 2340 1334 2376 ostendunt
1368 2340 1613 2384 archetypum
1644 2350 1687 2373 ea
1718 2337 1890 2372 habuisse
1923 2337 1970 2372 ad
2001 2337 2068 2371 for-

141 2409 241 2433 mam
264 2397 485 2444 legitimam.
510 2418 556 2424 -
581 2397 861 2443 Orthographia
894 2400 976 2433 tota
1007 2398 1167 2433 barbara
1196 2400 1267 2437 est;
1301 2397 1395 2432 vitia
1425 2395 1632 2442 composuit
1657 2395 1796 2430 Haenel
1828 2395 1942 2439 praef.
1967 2395 2066 2429 brev.

142 2467 179 2500 p.
203 2454 333 2490 XLIX.
365 2475 411 2480 —
445 2454 752 2491 Emendationem
785 2455 1043 2491 secundariam
1075 2455 1170 2490 liber
1202 2466 1274 2489 non
1309 2453 1434 2489 subiit.
1469 2474 1508 2478 -
1547 2453 1696 2488 Librum
1729 2451 1951 2487 contulimus
1984 2452 2068 2496 post

141 2512 364 2548 Haenelium
395 2513 561 2558 Krueger
592 2514 756 2558 (praeter
786 2511 1149 2558 interpretationem)
1185 2513 1223 2547 et
1255 2511 1506 2547 transmissum
1539 2510 1750 2546 Berolinum
1780 2520 1859 2554 ego.
1890 2528 1935 2533 ——
1966 2508 2066 2543 Utile

141 2569 264 2606 visum
288 2572 345 2606 est
370 2581 588 2615 componere
613 2582 709 2616 quae
740 2570 777 2605 in
806 2571 876 2605 hoe
907 2569 1002 2606 libro
1033 2581 1267 2614 nequaquam
1300 2568 1457 2614 optimo,
1492 2568 1554 2604 sed
1588 2580 1609 2602 a
1642 2566 1753 2602 solita
1782 2567 1899 2602 forma
1929 2565 2066 2611 passim

140 2627 337 2664 recedente
361 2627 498 2663 adsunt
522 2639 545 2663 a
569 2627 760 2664 Breviario
790 2627 982 2673 primitivo
1013 2626 1153 2667 aliena;
1186 2627 1338 2672 propter
1363 2625 1523 2661 Paulina
1549 2625 1727 2661 videndus
1752 2625 1808 2659 est
1832 2624 1998 2669 Krueger
2030 2623 2065 2657 in

142 2686 259 2731 praef.
285 2698 322 2732 p.
338 2685 395 2720 43.

259 2779 287 2821 ¹)
309 2780 416 2814 Varia
437 2780 556 2821 lectio,
580 2791 669 2822 quae
693 2780 729 2812 in
755 2780 937 2823 exemplari
962 2790 1000 2812 eo
1025 2779 1064 2812 ad
1090 2778 1316 2811 Theodosiani
1342 2778 1447 2810 libros
1472 2777 1602 2809 adiecta
1627 2780 1692 2814 est,
1724 2780 1763 2808 ut
1791 2778 1862 2807 tota
1889 2775 1958 2806 fere
1982 2773 2067 2805 redit

141 2827 179 2860 in
202 2827 356 2860 Parisino
380 2825 473 2860 4405
498 2826 559 2867 (ad
582 2827 620 2860 C.
635 2827 700 2859 Th.
722 2825 753 2865 9,
766 2825 858 2866 45‚4
887 2836 976 2868 quae
1005 2826 1185 2868 adscripsit
1208 2826 1464 2863 Ranconnetus,
1497 2823 1532 2854 in
1563 2823 1615 2854 his
1640 2824 1784 2862 Graeca,
1811 2820 1954 2862 sumpsit
1985 2825 2066 2861 puto

141 2883 186 2906 ex
209 2873 356 2906 editione
373 2872 531 2916 Tiliana),
555 2873 603 2906 ita
627 2873 663 2905 in
679 2872 834 2905 Paulinis
859 2874 1118 2904 Raneonnetum
1142 2871 1299 2914 pluribus
1324 2869 1498 2902 codicibus
1523 2879 1624 2900 usum
1650 2878 1722 2900 esse
1747 2867 1812 2898 iam
1838 2877 1880 2898 ex
1905 2866 1946 2897 iis
1970 2865 2067 2897 intel-

141 2919 268 2962 legitur
290 2929 380 2962 quae
402 2930 507 2962 supra
531 2918 578 2962 (p.
596 2919 742 2952 LXXVI
766 2923 835 2951 not.
854 2918 888 2959 1)
911 2918 1104 2958 observavi,
1129 2917 1307 2960 pergitque
1331 2916 1494 2948 adnotare
1519 2915 1618 2946 etiam
1644 2919 1804 2951 extrema,
1829 2922 1917 2954 quae
1940 2911 2067 2943 absunt

141 2976 161 2998 a
177 2965 345 2998 Parisino.
379 2965 589 2998 Adhibuisse
604 2965 740 2997 videtur
756 2970 887 3007 praeter
904 2975 981 2996 eum
998 2965 1240 2996 Raneonnetus
1264 2973 1364 2994 suum
1389 2962 1512 2993 librum
1531 2960 1589 3002 qui
1614 2959 1711 2991 hodie
1737 2963 1787 2991 est
1805 2959 1878 2990 Vat.
1892 2968 1961 2999 reg.
1978 2955 2066 2989 1048

141 3016 281 3054 propter
308 3021 351 3044 ea
380 3021 470 3054 quae
498 3011 598 3044 modo
628 3011 786 3043 diximus.
836 3010 900 3043 Sed
930 3009 1121 3053 adsumpsit
1144 3010 1286 3041 fortasse
1317 3008 1416 3039 etiam
1442 3006 1577 3038 tertium
1596 3006 1671 3037 Vat.
1690 3015 1760 3047 reg.
1780 3002 1867 3036 1128
1896 3014 1971 3036 eum
2006 3003 2065 3044 qui

142 3057 243 3090 nobis
264 3058 416 3090 servavit
438 3057 641 3100 Ulpianum:
672 3067 753 3089 nam
778 3067 856 3089 cum
880 3067 919 3089 eo
944 3056 1059 3088 codice
1083 3060 1214 3088 constet
1238 3054 1364 3086 'Filium
1389 3063 1489 3085 usum
1514 3063 1603 3090 esse,
1630 3051 1768 3083 Tiliana
1791 3054 1903 3082 autem
1929 3048 2066 3090 Ulpiani

142 3103 245 3137 editio
267 3114 291 3136 a
311 3103 452 3136 Cuiacio
477 3104 527 3143 (in
550 3103 765 3147 praefatione
789 3103 831 3135 ad
852 3102 1014 3143 Paulum)
1040 3102 1174 3134 dicatur
1197 3101 1347 3143 profecta
1371 3111 1391 3131 a
1407 3099 1495 3131 'Pilio
1519 3103 1553 3130 et
1576 3099 1804 3136 Ranconneto,
1829 3106 1906 3127 eum
1931 3104 2066 3136 quoque

141 3149 268 3183 librum
291 3150 441 3182 conicias
470 3153 545 3182 tum
576 3149 683 3182 fuisse
706 3149 930 3181 Ranconueti.
956 3164 999 3170 —-
1023 3148 1078 3180 Ad
1108 3147 1372 3190 gromaticorum
1403 3145 1526 3187 scripta
1557 3155 1577 3176 a
1601 3143 1760 3176 Sichardo
1790 3152 1867 3174 cum
1897 3140 2064 3173 breviario

142 3195 233 3228 edita
255 3196 353 3228 varia
374 3195 476 3228 lectio
499 3205 522 3228 a
545 3195 765 3228 Ranoonneto
789 3194 957 3237 adscripta
980 3194 1070 3226 unde
1094 3193 1220 3233 veniat,
1246 3203 1314 3224 non
1339 3190 1540 3223 examinavi.

260 3251 289 3296 ²)
311 3249 507 3294 ‘Alaricus’,
537 3253 650 3295 inquit
679 3252 716 3284 in
746 3251 896 3296 epistula
926 3250 1132 3284 dedicatoria
1160 3250 1337 3289 Cuiacius,
1369 3247 1419 3281 ‘ut
1448 3248 1529 3288 scis,
1561 3246 1749 3280 Gothorum
1780 3255 1839 3277 rex
1871 3244 1952 3283 fuit3
1984 3246 2065 3275 tuus

143 3295 265 3331 ‘codex
287 3298 434 3332 Tolosae
456 3310 571 3343 regem
599 3297 760 3342 appellat.
808 3298 941 3331 Codicis
972 3298 1061 3330 enim
1086 3296 1339 3333 auctoritatem,
1369 3294 1459 3337 quod
1483 3299 1516 3327 et
1539 3291 1830 3332 commonitorium
1855 3290 1992 3329 dicitur,
2022 3288 2064 3320 ad

146 3341 378 3378 ‘Timotheum
402 3356 435 3378 ν.
455 3357 482 3379 s.
507 3346 665 3379 comitem
689 3344 850 3377 emissum
874 3345 977 3377 refert
1000 3344 1048 3376 IV
1071 3354 1150 3376 non.
1167 3342 1266 3375 Febr.
1290 3351 1381 3374 anno
1405 3341 1504 3372 XXII
1528 3339 1657 3372 Alarici
1680 3338 1771 3380 regis
1794 3333 1961 3370 Tolosae?
