2501 3615
466 623 1053 686 CONSPECTVS
1106 626 1429 687 PARTIS
1480 625 1840 688 PRIOHIS

334 793 562 839 Conspectus
587 792 834 828 subsidiorum
859 792 906 827 ad
933 792 1230 827 Theodosi-anum
1256 792 1508 828 adhibitorum
1575 821 1581 827 .
1632 822 1637 828 .
1689 823 1695 828 .
1745 822 1752 830 .
1951 770 1977 781 δ’
2025 796 2074 829 VJ

335 862 562 909 Conspectus
588 863 835 898 subsidiorum
862 862 908 896 ad
935 861 1211 898 Sirmondianas
1237 862 1490 898 adhibitorum
1517 891 1751 899 ,,,,,
1985 864 2072 899 UH

190 966 379 1003 PROLEG
387 966 557 1002 OMENA
587 966 639 1001 IN
667 966 973 1002 THEODOSIAN
980 967 1051 1002 VM

331 1048 419 1094 Cap.
438 1049 465 1083 I.
582 1047 833 1083 Theodosiani
859 1048 962 1094 origo
987 1052 1025 1084 et
1051 1061 1136 1084 usus
1163 1076 1739 1086 ...........
2020 1052 2067 1086 IX

650 1117 835 1153 Rubricae
873 1118 996 1154 Edicti
1021 1118 1239 1164 Gregoriani
1265 1119 1512 1155 Theodosi-arni
1544 1120 1739 1155 Iustiniani
1984 1121 2070 1155 XIII

651 1175 834 1211 Breviarii
880 1176 1085 1211 Alariciani
1125 1176 1371 1222 praescriptio
1413 1177 1617 1214 auctoritas
1659 1178 1739 1213 sub-

715 1233 870 1280 scriptio
925 1261 1509 1271 ...........
1535 1263 1538 1265 .
1561 1265 1567 1271 .
1619 1265 1626 1272 .
1678 1265 1684 1271 .
1734 1264 1740 1272 .
1952 1236 2072 1270 XXXI

331 1302 420 1348 Cap.
438 1304 484 1338 ΙΙ.
585 1303 831 1340 Theodosiani
858 1304 995 1350 integri
1022 1304 1165 1340 codices
1220 1332 1742 1341 ..........
1884 1306 2073 1340 XXXVIII

329 1371 500 1418 Cap.111.
585 1372 639 1408 Ex
665 1373 923 1409 Theodosiano
949 1373 1094 1419 integro
1120 1377 1295 1420 excerpta
1319 1377 1467 1420 praeter
1492 1375 1705 1410 Alai-iciam
1737 1403 1743 1410 .
1995 1375 2073 1409 LIX

328 1441 520 1488 cap.1111.
585 1442 768 1479 Breviarii
795 1442 931 1489 integri
957 1442 1102 1478 codices
1166 1470 1744 1479 ...........
1977 1443 2072 1477 LXV

331 1511 420 1558 Cap.
439 1512 482 1547 V.
587 1512 855 1548 Additamenta
880 1512 1061 1548 Breviarii
1085 1516 1235 1558 sumpta
1261 1525 1305 1548 ex
1324 1513 1579 1549 'l'heodosiano
1604 1513 1749 1559 integro
1908 1513 2073 1547 LXXXII

329 1580 418 1626 Cap.
435 1581 498 1616 VI.
579 1581 761 1617 Breviarii
787 1582 959 1627 exempla
985 1582 1154 1618 breviata
1180 1584 1217 1618 et
1242 1582 1386 1618 incerta
1450 1610 1742 1618 ......
1955 1582 2073 1625 ,XCIII

673 1640 700 1674 Ι.
727 1639 830 1674 Libri
856 1639 1041 1676 decurtati
1100 1667 1738 1676 ............
1977 1639 2073 1673 XCV

657 1697 701 1731 II.
727 1696 924 1742 Epitomae
989 1725 1739 1734 ..............
2047 1698 2072 1731 (J

634 1756 699 1790 ΙΙΙ.
725 1756 838 1791 Varia
863 1757 901 1790 et
925 1755 1068 1791 minora
1106 1783 1741 1792 ............
2009 1755 2073 1789 CII

639 1814 700 1849 IV.
726 1814 911 1859 Exeerpta
936 1825 980 1849 ex
1004 1813 1194 1849 Breviario
1218 1841 1741 1849 ..........
1992 1813 2073 1847 CIII

659 1871 702 1907 V.
729 1871 831 1906 Libri
856 1871 1017 1907 latentes
1044 1872 1102 1907 vel
1128 1871 1313 1917 deperditi
1337 1899 1743 1908 ........
1994 1870 2073 1905 CIV

337 1942 425 1988 Cap.
443 1942 526 1977 VII.
584 1941 833 1977 Theodosiani
858 1941 1038 1976 editiones
1065 1944 1102 1976 et
1126 1944 1331 1986 apparatus
1391 1967 1742 1976 .......
1974 1939 2072 1974 CVII

332 1999 427 2057 Capi
440 2011 541 2045 VIII.
577 2010 688 2046 Crisis
712 2010 889 2046 librorum
934 2037 1742 2046 ...............
1957 2008 2072 2043 CXIX

333 2081 555 2126 Cap.VIIII.
581 2080 861 2126 Orthographia
886 2080 1064 2115 librorum
1089 2083 1126 2115 et
1151 2079 1370 2125 compendia
1397 2106 1745 2115 .......
1939 2078 2067 2112 CXLII

335 2150 423 2196 Cap.
449 2150 493 2185 X.
583 2149 898 2185 Constitutionum
933 2152 1103 2185 auctores
1134 2151 1171 2185 et
1195 2152 1410 2194 acceptores
1436 2152 1473 2185 et
1499 2149 1576 2185 dies
1601 2149 1746 2193 locique
1961 2147 2073 2182 CLIII

679 2209 707 2243 Ι.
734 2208 980 2252 Imperatores
1048 2234 1742 2242 .............
1983 2204 2074 2239 CLX

662 2266 707 2300 II.
734 2265 1051 2301 Constitutionum
1077 2268 1294 2311 acceptores
1337 2290 1745 2300 ........
1944 2263 2072 2297 CLXII

644 2324 709 2358 III.
736 2324 920 2369 Tempora
945 2326 983 2359 et
1007 2323 1080 2358 loci
1105 2350 1744 2358 ............
1966 2320 2074 2355 CCIX

195 2416 258 2451 DE
284 2416 377 2451 VSV
400 2416 653 2451 BREVIARII
679 2415 966 2451 ALARICIANI
992 2415 1198 2450 FORENSI
1224 2415 1284 2449 ET
1312 2413 1638 2449 SCHOLASTICO
1665 2413 1755 2448 PER

334 2473 606 2509 HISPANIAM
652 2474 869 2510 GALLIAM
923 2473 1128 2508 ITALIAM
1177 2472 1516 2512 REGIONESQVE
1559 2471 1756 2506 VICINAS

334 2531 482 2568 adiecto
507 2531 629 2568 indice
654 2533 818 2568 locorum
844 2544 886 2567 ex
912 2531 1102 2567 Breviario
1128 2530 1380 2566 adhibitorum
1407 2529 1556 2575 scripsit
1583 2529 1756 2571 Alfredus

335 2589 378 2624 cle
404 2589 606 2624 Wretschko
655 2613 1750 2625 ....................
1915 2585 2075 2620 CCCVII

197 2681 562 2719 PROLEGOMENA
587 2682 639 2717 IN
665 2681 1088 2718 CONSTITVTIONES
1113 2680 1518 2717 SIRMONDIANAS.
1570 2708 1576 2714 .
1626 2707 1632 2713 .
1683 2706 1689 2713 .
1740 2707 1746 2713 .
1797 2677 2075 2714 CCCLXXVIH
