2501 3615
1020 142 1064 148 —
1113 123 1218 160 XVII
1265 146 1311 153 -—

260 215 483 253 EDICTVM
596 218 944 259 GREGORIANVS
1088 226 1459 267 THEODOSIANVS
1693 235 2009 276 IVSTINIANVS

992 306 1033 340 15
1059 307 1104 342 de
1153 308 1426 347 fideiussoribus
1479 313 1538 349 do·
1575 316 1606 357 5,
1619 315 1664 351 20
1697 328 1742 352 ne
1778 317 2006 355 fideiussores
2046 347 2054 356 .
2080 348 2087 356 .
2114 349 2120 356 .

1057 364 1151 399 tium
1644 373 1786 408 dotium
1812 375 1945 411 dentur

575 415 663 450 Iust.
678 417 708 456 5,
727 417 778 457 17,
796 418 849 452 1-
863 418 884 452 6
992 421 1033 456 16
1058 421 1102 456 de
1127 424 1292 469 repudiis
1572 430 1604 472 5,
1625 430 1666 464 17
1684 430 1727 465 de
1745 432 1910 476 repudiis
1928 436 1965 470 et
1983 434 2120 472 iudicio

1642 487 1686 523 de
1711 488 1873 524 moribus
1898 491 2046 528 sublato

192 524 311 560 XXII:
338 525 382 560 de
406 526 537 564 tutelis
574 528 662 564 lust.
679 530 709 571 5,
724 530 777 572 29,
796 531 883 566 1—:3
991 537 1032 571 17
1059 537 1103 573 de
1138 539 1324 575 tutoribus
1359 544 1397 577 et·
1435 554 1534 578 cura-
1571 545 1603 586 5,
1617 545 1661 580 29
1675 545 1719 580 de
1734 546 1980 584 confirmando
1995 551 2118 586 tutore

1058 593 1200 629 toribus
1226 597 1392 633 creandis

573 643 661 679 Iust.
677 645 707 685 5,
722 644 776 686 31,
793 646 905 681 1—10
990 651 1031 685 18
1057 650 1121 696 qui
1147 653 1281 696 petant
1571 660 1600 702 5,
1616 659 1657 694 31
1699 661 1763 705 qui
1804 665 1936 706 petant
1978 666 2119 701 tutores

1641 717 1698 752 vel
1725 721 1912 755 curatores

1570 773 1600 815 5,
1615 774 1659 808 37
1706 775 1750 810 de
1796 776 2116 814 administratione

189 811 343 853 22,121:
385 811 430 848 de
471 813 532 848 ad·
570 816 658 851 Iust.
678 818 709 859 5,
724 816 779 857 37,
797 817 917 853 1—19.
964 817 1029 857 130
1055 823 1098 858 cle
1117 824 1436 863 administratione
1462 831 1500 864 et
1527 782 1541 906 S
1639 834 1802 868 tutorum
1835 837 1873 870 et
1907 838 2115 872 curatorum

233 867 508 906 ministratione
615 874 646 914 5,
661 873 714 915 38,
732 875 820 910 l—6
1053 880 1218 924 periculo
1259 884 1424 918 tutorum
1462 887 1499 920 et
1530 907 1531 911 =
1638 892 1694 924 cet.

233 927 400 962 tutorum
1053 939 1262 974 curatorum
1526 912 1541 1039 ²
1569 946 1600 987 5,
1615 945 1659 980 38
1684 947 1728 982 de
1754 947 1918 992 periculo
1951 951 2114 986 tutorum

1636 1005 1674 1038 et
1699 1007 1908 1040 curatorum

569 1045 657 1081 Iust.
671 1048 703 1088 5,
718 1047 772 1089 62,
790 1048 900 1084 1-23
982 1051 1024 1086 31
1052 1052 1095 1088 de
1113 1054 1349 1091 excusatione
1367 1059 1531 1093 tutorum
1567 1059 1598 1101 5,
1614 1059 1658 1094 62
1676 1061 1719 1096 de
1738 1062 2037 1098 excusationibus
2055 1067 2112 1099 cet.

569 1103 657 1139 Iust.
672 1105 703 1146 5,
719 1105 772 1146 71,
790 1105 900 1141 1—17
982 1108 1026 1142 32
1051 1108 1095 1144 de
1141 1111 1304 1154 praediis
1349 1113 1531 1150 minorum
1567 1118 1597 1161 5,
1613 1118 1652 1152 71
1682 1133 1723 1146 =

1050 1165 1127 1202 sine
1159 1167 1307 1204 decreto
1339 1181 1410 1205 non
1444 1171 1530 1207 alie-

1049 1223 1180 1258 nandis

771 1355 1099 1392 THEODOSIANI
1131 1358 1273 1395 LIBER
1304 1360 1530 1401 QVARTVS

1563 1445 1649 1486 6,11
1683 1445 1726 1481 de
1762 1446 1938 1482 bonorum
1972 1460 2110 1494 posses-

1630 1501 1731 1538 sione
1749 1504 1948 1539 secundum
1962 1505 2109 1540 tabulas

1001 1554 1016 1588 1
1045 1553 1088 1589 de
1121 1553 1283 1590 cretione
1310 1556 1367 1591 vel
1393 1557 1501 1593 bono·
1561 1558 1653 1600 6,12
1679 1560 1722 1594 de
1744 1560 1777 1595 b.
1798 1572 1832 1605 p.
1851 1563 1978 1596 contra
2004 1563 2108 1598 tabu-

1044 1622 1122 1645 rum
1148 1612 1375 1655 possessione
1628 1616 1684 1651 las
1708 1620 1770 1651 cet.

181 1551 302 1587 XXV:
335 1552 380 1588 de
415 1551 524 1587 bono·
561 1551 651 1586 Iust.
671 1551 864 1594 6‚11,1.2.

225 1621 306 1645 mm
327 1608 523 1655 possessio·
606 1608 707 1650 6,12,
725 1610 752 1644 1.
768 1610 799 1644 2.
814 1611 935 1655 6,13,1

224 1665 334 1701 nibus
1559 1672 1590 1714 6,
1608 1673 1649 1708 13
1675 1674 1719 1709 de
1743 1674 1776 1708 b.
1796 1687 1830 1720 p.
1850 1678 1978 1711 contra
2003 1677 2107 1712 tabu—

1628 1729 1683 1764 las
1708 1728 1835 1766 liberti
1860 1736 1920 1767 cet.

177 1780 232 1822 25,
253 1781 334 1816 156:
383 1781 480 1818 unde
559 1779 648 1815 Iust.
663 1781 694 1823 6,
712 1782 762 1824 14,
781 1783 807 1817 1.
829 1784 849 1818 2
996 1782 1016 1816 2
1042 1783 1137 1818 unde
1163 1783 1271 1818 liberi
1558 1785 1649 1827 6,14
1674 1802 1716 1816 Ξ

223 1837 333 1873 liberi

176 1894 232 1938 25,
250 1895 330 1930 148:
357 1895 522 1932 edictum
558 1895 693 1940 Iust.6,
711 1897 794 1938 17,1
994 1896 1015 1931 3
1041 1897 1085 1932 de
1112 1896 1343 1934 Carboniano
1369 1899 1490 1936 edicto
1557 1899 1646 1941 6,17
1673 1916 1715 1930 =

222 1951 496 1989 Carbonianum

177 2008 319 2045 XXVI:
345 2011 390 2046 de
407 2013 520 2047 testa·
558 2010 646 2045 Iust.
660 2011 691 2053 6,
707 2011 761 2053 23,
778 2012 898 2047 1-14.
993 2011 1015 2045 4
1041 2011 1084 2045 de
1100 2013 1334 2048 testamentis
1348 2015 1386 2049 et
1400 2014 1495 2049 codi-
1556 2014 1587 2056 6,
1601 2015 1645 2049 23
1671 2014 1716 2050 de
1741 2016 1975 2052 testamentis
1998 2021 2059 2052 cet.

221 2067 358 2103 mentis
603 2068 634 2109 6,
647 2068 703 2110 36,
720 2070 806 2104 1—6
1041 2067 1137 2103 cillis
1555 2072 1587 2112 6,
1600 2072 1646 2106 36
1671 2072 1715 2107 de
1741 2072 1923 2108 codicillis

176 2124 222 2159 cf.
239 2124 352 2161 Lenel
377 2137 412 2171 p.
431 2125 499 2162 406
557 2125 646 2160 Iust.
659 2125 690 2167 8,
705 2126 793 2168 36‚1
993 2125 1013 2157 5
1039 2124 1083 2158 de
1108 2125 1285 2171 litigiosis
1555 2128 1586 2169 8,
1601 2128 1644 2163 36
1671 2144 1713 2157 =

992 2182 1013 2216 6
1038 2182 1082 2218 de
1107 2184 1342 2220 naturalibus
1368 2184 1454 2219 filiis
1480 2187 1518 2221 et
1555 2185 1586 2226 5,
1602 2186 1645 2220 27
1671 2200 1714 2214 =

1037 2239 1219 2275 matribus
1243 2252 1367 2276 eorum

992 2296 1012 2330 7
1039 2296 1083 2332 de
1103 2296 1452 2333 manumissionibus
1477 2298 1516 2333 in
1556 2299 1643 2340 1,13
1668 2300 1713 2335 de
1747 2299 1804 2334 his
1828 2301 1892 2346 qui
1925 2300 1960 2336 iu
1988 2302 2100 2338 eccle-

1035 2354 1195 2389 ecclesia
1622 2355 1686 2391 siis
1710 2356 2023 2393 manumittuntur

172 2410 310 2446 XXXI:
346 2412 391 2447 de
426 2411 516 2448 libe-
554 2408 686 2451 Iust.7,
705 2410 884 2452 16‚1-39
988 2409 1009 2444 8
1035 2410 1079 2446 de
1105 2409 1254 2446 liberali
1279 2422 1390 2446 causa
1554 2413 1643 2454 7,16
1669 2429 1711 2442 =

217 2469 289 2504 rali
314 2481 426 2505 causa

551 2523 640 2559 Iusta.
658 2525 687 2566 7,
706 2523 757 2565 10,
775 2525 862 2560 1-6
987 2526 1007 2560 9
1033 2526 1077 2562 de
1090 2526 1148 2561 his
1161 2527 1225 2572 qui
1242 2539 1314 2563 non
1332 2540 1354 2563 a
1368 2528 1513 2564 domino
1552 2527 1582 2569 7,
1600 2528 1641 2564 10
1667 2543 1709 2556 =

1033 2583 1250 2619 manumissi
1274 2586 1360 2620 sunt

550 2637 638 2673 Iust.
654 2639 685 2680 6,
702 2639 763 2680 7‚1
967 2640 1008 2676 10
1033 2640 1077 2675 de
1116 2640 1262 2676 libertis
1309 2644 1347 2676 et
1387 2653 1512 2677 eorum
1550 2641 1581 2683 6,
1597 2642 1616 2676 7
1643 2657 1684 2670 =

1033 2695 1161 2731 liberis

548 2751 636 2787 Iust.
653 2753 683 2793 7,
696 2737 753 2794 33,
770 2752 881 2788 1—10
966 2752 1004 2787 11
1032 2752 1076 2787 de
1094 2752 1197 2799 longi
1215 2754 1392 2799 temporis
1408 2767 1510 2800 prae·
1550 2756 1579 2798 7,
1588 2754 1632 2791 33
1641 2757 1684 2792 de
1693 2755 1984 2802 praescriptione
1992 2757 2095 2802 longi

994 2828 996 2830 ·
1031 2808 1232 2854 scriptione
1617 2812 1794 2858 temporis
1818 2813 1850 2847 X
1870 2813 1927 2849 vel
1948 2813 2014 2848 XX
2033 2826 2092 2849 an-

1615 2882 1743 2905 norum

964 2924 1004 2958 12
1029 2924 1076 2959 ad
1114 2926 1264 2959 senatus
1302 2927 1507 2962 consultum
1547 2927 1576 2967 7,
1591 2926 1635 2962 24
1666 2926 1710 2962 de
1741 2929 1889 2962 senatus
1924 2927 2091 2962 consulto

1029 2980 1274 3016 Claudianum
1614 2983 1817 3018 Claudiano
1843 2983 2008 3019 tollendo

162 3024 314 3068 32,185:
332 3028 378 3065 de
395 3030 508 3068 vecti·
544 3031 634 3068 Iust.
650 3032 682 3073 4,
697 3032 751 3075 61,
769 3035 857 3071 1-—3
962 3037 1003 3071 13
1029 3037 1074 3073 de
1092 3037 1341 3084 vectigalibus
1358 3041 1396 3074 et
1414 3051 1507 3075 com·
1543 3040 1575 3082 4,
1590 3040 1630 3075 61
1661 3056 1703 3069 =

960 3151 1002 3186 14
1026 3151 1071 3186 de
1134 3150 1343 3187 actionibus
1407 3156 1526 3189 certo<

880 3247 883 3250 y
1028 3210 1194 3253 tempore
1220 3208 1391 3245 finiendis

542 3260 631 3296 Iust.
647 3261 677 3303 7,
692 3261 746 3304 21,
764 3262 851 3298 1—8
959 3265 1000 3299 15
1026 3265 1071 3300 de
1111 3265 1355 3310 quinquennii
1403 3279 1505 3312 prae-

1026 3320 1229 3367 scriptione

208 3084 359 3130 galibus
521 3090 528 3246 Ι
1025 3094 1146 3128 missis
