2501 3615
961 144 1003 149 —
1052 117 1239 158 LXXXIX
1287 143 1332 150 —

271 239 347 272 cap.
369 227 434 262 XI
452 238 483 272 q.
501 239 534 262 a.
553 238 587 262 η.
604 237 656 270 r.‚·
683 228 734 267 11,
753 228 807 267 36,
830 229 844 262 1
871 228 928 262 ‘ccc
953 227 1042 262 libro
1069 227 1133 262 XI
1152 228 1235 273 Ieyis
1259 227 1305 262 th.
1330 237 1407 271 cap.
1429 225 1507 260 ΧΓ
1532 225 1590 261 lex
1615 225 1675 266 2Ο;
1701 228 1731 260 et
1757 226 1795 260 in
1820 224 1907 260 libro
1935 227 2001 261 XI
2021 227 2107 263 t71.2.

272 286 444 330 scriptum
470 285 532 319 est'
556 285 614 320 lex
639 284 693 319 21.

218 345 248 377 7.
274 343 297 378 f.
318 342 512 377 220¹—223
539 342 607 377 Th.
625 343 656 386 4,
678 342 728 379 18,
751 344 779 377 l.
805 343 826 376 2
854 343 1001 386 (denuo)
1029 342 1087 378 tit.
1110 343 1160 383 19,
1182 344 1210 377 1.
1237 342 1296 378 tit.
1313 342 1367 382 20,
1389 343 1416 376 1.
1443 341 1474 375 2³».
1502 340 1560 376 tit.
1577 341 1631 382 21,
1653 341 1682 375 1.
1709 340 1766 375 tit.
1785 341 1839 382 22,
1861 341 1911 375 1—
1927 342 1959 376 6.

181 411 451 447 Adnotationes
482 411 518 446 in
545 411 774 457 marginibus
806 412 1013 457 adscriptas
1045 410 1163 447 edidit
1188 412 1259 446 Iac.
1287 411 1402 445 Flach
1433 409 1551 444 eludes
1581 409 1747 453 critiqeces
1776 420 1839 444 sm·
1863 410 2030 445 Z’histoz're
2056 411 2106 445 dei

181 468 274 503 droit
298 469 437 503 romain
461 480 509 502 au
536 478 658 513 moyen
683 468 745 512 ‹iye
771 468 900 511 (Paris.
923 468 1023 511 1890)
1048 480 1082 512 p.
1104 468 1168 502 1⁵23
1181 479 1254 512 seq.
1282 467 1340 509 (cf.
1368 480 1402 512 p.
1421 466 1461 502 81
1476 468 1577 511 serp).

296 553 516 589 Hincmarus
541 553 845 599 archiepiscopus
873 551 1062 587 Remensis
1089 554 1124 595 (†
1149 552 1231 595 882)
1257 564 1352 596 quae
1378 563 1421 586 ex
1447 552 1706 588 Theodosi-ano
1738 553 1870 588 attulit
1899 554 2105 599 composuit
2144 552 2314 585 Hincmar

183 611 382 658 diligenter
417 611 573 646 collecta
609 619 734 656 (opera
775 611 830 646 ed.
865 610 1076 645 Sirmondus
1110 610 1130 644 2
1167 609 1249 644 voll.
1286 609 1436 644 Parisiis
1464 611 1551 645 1647)
1587 622 1668 645 cum
1703 611 1973 656 supplementis
2011 613 2110 656 apud

185 668 416 704 Harduiuum
443 673 527 704 acta
547 669 677 704 concil.
705 669 774 703 vol.
794 670 813 699 5
839 681 874 713 p.
896 668 983 702 1347
993 668 1082 711 seq.)
1108 667 1203 701 Max.
1225 666 1359 702 Conrat
1385 679 1492 702 izenes
1510 668 1639 703 Archiv
1663 669 1717 709 24,
1732 669 1798 703 349
1813 681 1887 713 seq.
1935 669 2109 714 Exceptis

180 726 314 772 paucis
336 725 427 761 locis
453 727 610 772 sumptis
631 738 672 760 ex
692 738 842 771 corpore
862 723 1124 766 Quesnelliano
1143 723 1302 758 similive
1320 725 1445 769 (supra
1463 738 1498 770 p.
1513 725 1627 770 LXII)
1647 726 1787 761 nullam
1805 726 2107 762 constitutionem

181 795 225 818 ex
250 783 346 819 libro
372 783 457 817 XVI
485 783 734 818 Theodosiani
759 783 978 818 Hincmarus
1004 781 1111 816 affert
1137 793 1207 816 uon
1234 784 1423 826 receptam
1449 782 1485 816 iu
1513 783 1676 819 codicem
1701 784 1737 818 Y
1758 786 1796 819 et
1821 783 1942 829 ipsum
1968 783 2109 830 origine

180 841 409 876 Remensem.
461 842 499 875 In
527 841 581 881 iis,
608 852 703 885 quae
729 840 842 876 etiam
868 839 906 874 in
934 838 1118 874 breviario
1143 838 1329 883 leguntur,
1347 839 1453 874 adest
1479 843 1520 874 ut
1547 839 1583 874 in
1608 840 1642 874 Y
1664 840 1719 876 ita
1744 841 1844 886 apud
1869 841 2110 876 Hincmarum

179 897 442 943 interpretatio
468 897 699 938 Μαι-18101111,
732 897 865 932 titulus
898 895 1049 940 quintus
1074 895 1272 930 Hincmaro
1299 896 1361 939 (ad
1388 897 1439 937 16,
1459 898 1490 937 5,
1512 898 1544 941 1)
1578 901 1633 932 est
1664 898 1704 931 in
1735 898 1822 933 libro
1854 899 1984 934 decimo
2014 903 2110 934 seaeto

184 955 452 990 Theodosiame
476 955 558 999 Ieffl's
581 958 690 998 caput
709 957 875 998 quartum
892 952 1034 999 pariter
1051 955 1163 997 atque
1182 952 1220 987 in
1245 953 1294 995 Y;
1321 953 1427 989 adest
1445 954 1663 990 constitutio
1688 954 1945 991 Sirniondiana
1964 957 1985 991 3
2009 959 2109 1002 (opp.

178 1014 210 1054 2,
229 1013 327 1056 325);
363 1013 541 1048 lectiones
572 1012 686 1048 etiam
720 1011 970 1057 interpolatae
1005 1014 1061 1054 (ut
1089 1012 1140 1052 16,
1159 1012 1189 1051 2,
1209 1012 1239 1052 8,
1259 1012 1280 1045 2
1315 1031 1357 1036 —
1398 1013 1450 1054 16,
1468 1013 1499 1053 2,
1519 1013 1572 1054 230,
1592 1014 1614 1047 4
1640 1033 1681 1038 —
1711 1014 1762 1053 16,
1781 1013 1811 1054 2,
1827 1014 1881 1055 38,
1899 1015 1933 1057 4)
1959 1015 2109 1049 eaedem

178 1074 276 1106 sunt.
326 1070 449 1106 Etiam
473 1069 650 1105 Auctario
681 1069 800 1114 primo
833 1070 959 1114 (supra
984 1081 1020 1114 p.
1040 1068 1243 1112 LXXXIII)
1269 1068 1508 1104 Hincmarum
1544 1082 1649 1105 usum
1681 1081 1757 1105 esse
1789 1071 1989 1106 ostendunt
2015 1084 2108 1116 quae

180 1128 440 1164 adnotavimus
475 1128 522 1163 ad
556 1127 860 1163 constitutionem
894 1127 1050 1168 4‚17‚1;
1090 1138 1171 1161 eam
1203 1127 1301 1171 quod
1338 1126 1468 1162 scribit
1502 1127 1657 1173 reperiri
1685 1128 1726 1161 in
1757 1128 1844 1163 libro
1877 1132 1973 1163 secato
2006 1129 2110 1163 titulo

179 1185 312 1220 decimo
335 1196 429 1220 ‘nono
454 1197 535 1220 cum
561 1188 721 1230 nequeat
746 1184 809 1225 sic,
835 1187 877 1219 ut
903 1184 1098 1229 proposuit
1122 1184 1285 1230 Savigny
1312 1184 1447 1228 (Ge-sch.
1467 1185 1525 1220 des
1548 1189 1632 1220 ro'm.
1651 1185 1775 1221 Rechts
1791 1186 1836 1220 22
1856 1198 1890 1231 p.
1910 1187 1976 1221 283
1990 1188 2026 1231 ¹),
2053 1199 2110 1222 ex-

178 1242 314 1288 plicari
337 1254 382 1278 ex
407 1242 661 1278 numeratione
686 1241 865 1277 librorum
883 1241 1132 1277 Theodosiani
1159 1241 1196 1276 111
1220 1241 1423 1287 exemplari
1440 1242 1704 1278 Hincmariano
1730 1255 1752 1278 a
1775 1243 1936 1288 genuina
1955 1243 2109 1285 diversa,

177 1299 398 1335 Hincmarus
429 1299 576 1335 videtur
609 1311 778 1335 numeros
809 1298 987 1335 breviarii
1018 1311 1153 1344 ponere
1189 1299 1348 1335 voluisse
1378 1303 1445 1336 aut
1476 1299 1594 1345 ipsius
1629 1301 1741 1345 culpa
1776 1304 1841 1336 aut
1876 1301 2110 1336 librariorum

178 1360 381 1403 corruptos.
429 1357 694 1392 Hincmariana
725 1356 917 1402 adlegavi‚
952 1356 1022 1392 etsi
1056 1356 1265 1392 utilitatem
1290 1357 1479 1402 propriam
1511 1357 1652 1393 nullam
1684 1358 1865 1403 praebent
1900 1358 1958 1401 (cf.
1985 1361 2110 1394 tamen

178 1415 232 1455 16,
247 1415 279 1456 2,
293 1415 347 1456 31,
369 1414 436 1459 22).
491 1413 671 1450 Notabile
705 1416 762 1450 est
793 1414 845 1456 16,
864 1415 896 1455 2,
916 1415 957 1448 41
993 1414 1088 1456 eius,
1121 1414 1185 1459 qui
1217 1413 1393 1450 clericum
1429 1417 1621 1450 nocentem
1658 1418 1825 1457 accusat,
1863 1415 2107 1451 intentionem

176 1471 387 1506 laudabilem
412 1471 485 1507 dici
509 1471 546 1506 in
566 1471 755 1507 codicibus
779 1471 904 1516 probis
930 1471 1072 1513 VEYa‚
1097 1471 1355 1506 inlaudabilem
1379 1472 1426 1507 ab
1443 1472 1642 1508 Hincmaro
1662 1485 1743 1508 cum
1766 1473 1914 1515 YbDO‚
1940 1474 2108 1508 miserem-

177 1528 262 1563 dam
292 1528 330 1563 in
360 1528 486 1565 codice
512 1529 630 1564 Berol.
654 1528 854 1574 Phillipps.
880 1530 966 1564 1745
993 1528 1274 1565 Sirmondianae
1306 1530 1488 1576 syllogae‚
1522 1530 1815 1577 interpolatione
1841 1534 1918 1567 tam
1950 1531 2109 1566 ridicula

177 1597 289 1630 quam
314 1598 388 1632 pia.

294 1666 444 1713 Sylloge
469 1667 560 1702 iuris
586 1667 764 1710 canonici,
791 1679 903 1712 quam
930 1667 1082 1703 exhibet
1107 1671 1256 1713 praeter
1273 1667 1367 1703 alios
1385 1669 1480 1704 liber
1496 1668 1846 1705 Montecassinensis
1871 1682 1904 1703 n.
1923 1669 1990 1704 522
2016 1669 2108 1715 (egit

177 1723 222 1759 de
249 1735 290 1759 eo
317 1724 414 1759 Frid.
434 1725 582 1761 Thaner
614 1737 743 1760 comm.
769 1725 897 1760 minor.
924 1726 1027 1761 acad.
1051 1725 1253 1761 Vindobon.
1281 1726 1324 1760 cl.
1351 1725 1443 1771 phil.
1470 1726 1558 1762 hist.
1587 1726 1656 1761 vol.
1675 1727 1718 1761 89
1746 1726 1860 1770 [1878]
1886 1739 1922 1772 p.
1941 1727 2004 1762 601
2020 1730 2109 1771 seq.)

179 1781 384 1827 compilata
409 1793 504 1818 saec.
523 1782 622 1827 XJXI
648 1782 686 1817 in
704 1783 816 1818 titulo
836 1783 889 1817 III
906 1783 963 1818 ‘de
981 1782 1264 1829 privilegiorum
1283 1784 1523 1819 auctoritate’
1547 1796 1576 1818 c.
1592 1783 1727 1818 3:3—38
1753 1796 1815 1818 sex
1834 1784 2110 1819 Theodosianas

177 1838 466 1874 constitutiones
491 1842 658 1876 recenset
685 1840 736 1881 16,
755 1840 786 1875 8.
815 1840 867 1875 16.
893 1840 949 1875 26.
975 1841 1030 1875 29.
1056 1840 1110 1875 30.
1137 1840 1192 1882 34,
1218 1851 1312 1885 quae
1337 1841 1435 1876 unde
1453 1840 1605 1876 veniant
1630 1840 1900 1886 praescriptum
1927 1842 2108 1877 declarat:

176 1905 219 1929 ex
243 1896 393 1940 epistola
419 1897 609 1932 Hincmari
631 1897 887 1942 archiepiscopi
915 1897 964 1932 ad
989 1897 1168 1933 Kaio-ozimi
1191 1908 1314 1942 reyem,
1338 1898 1437 1942 quod
1463 1910 1545 1933 cum
1570 1898 1661 1943 ipsis
1681 1899 2011 1934 constitutionibus
2028 1911 2110 1934 mea

179 1963 291 1988 eausa
321 1953 502 1989 Amellius
536 1954 790 1990 bibliothecae
823 1955 901 1989 eius
932 1955 1143 2000 praefectus
1179 1955 1424 2000 transcripsit.
1474 1956 1567 1991 Vere
1602 1955 1842 1992 inveniuntur
1875 1956 1912 1991 in
1946 1956 2108 1992 editione

177 2010 436 2046 Sirmondiana
459 2022 612 2057 operum
637 2012 658 2046 2
684 2025 718 2058 p.
738 2012 805 2047 318
819 2024 893 2057 seq.

289 2092 515 2128 Benedictus
539 2104 685 2138 quoque
709 2093 841 2129 Levita
866 2106 952 2128 usus
978 2096 1034 2129 est
1060 2094 1261 2138 exemplari
1280 2093 1537 2128 Theodosi-ano
1564 2093 1736 2129 similiter
1761 2096 1887 2134 aucto,
1913 2105 1998 2128 nam
2025 2104 2105 2127 con-

176 2149 412 2186 stitutionem
430 2150 727 2186 sirmondianam
745 2151 913 2196 primam,
940 2153 983 2186 ut
1008 2151 1055 2186 ad
1081 2163 1163 2187 eam
1181 2151 1451 2193 adnotavimus,
1475 2151 1678 2196 imperat-or
1695 2151 1853 2186 ficticius
1872 2151 2030 2185 Karolus
2046 2151 2069 2184 1.
2085 2151 2106 2185 2

177 2217 206 2240 0.
225 2205 292 2242 366
322 2206 377 2243 ait
402 2207 601 2253 sumpsisse
627 2219 664 2243 se
697 2219 740 2243 επ
764 2212 863 2244 secuto
887 2208 1015 2244 decimo
1040 2208 1226 2243 Theodosii
1250 2209 1474 2253 imperatoris
1499 2209 1587 2243 libro
1610 2209 1768 2253 capitulo
1792 2209 1947 2243 videlicet
1974 2209 2042 2242 XI
2059 2208 2107 2241 ad

174 2263 396 2310 interrogata
421 2265 562 2300 Ablavii
586 2265 686 2301 ducis
715 2266 770 2300 illi
800 2270 831 2301 et
861 2267 1022 2301 omnibus
1046 2267 1266 2311 rescriptam.
1314 2266 1480 2302 Ulterius
1512 2266 1549 2300 id
1574 2278 1641 2301 nos
1666 2278 1738 2301 non
1763 2278 1886 2301 sumus
1912 2265 2107 2310 persecuti.

290 2349 489 2396 Epitomae
521 2352 703 2387 Breviarii
734 2354 902 2388 servatae
935 2353 972 2387 in
1004 2365 1075 2388 uno
1107 2353 1234 2389 codice
1260 2353 1428 2389 Parisino
1453 2354 1533 2389 Lat.
1554 2353 1665 2388 107523
1697 2354 1755 2398 (=
1781 2353 1904 2398 suppl.
1930 2352 2010 2387 Lat.
2029 2352 2108 2396 215)

175 2419 270 2443 saec.
298 2408 414 2454 XlXI,
450 2409 646 2445 Scintillae
677 2410 898 2445 vocabulum
933 2413 1062 2446 auctor
1097 2410 1287 2456 inscripsit
1320 2411 1476 2454 (Haenel
1509 2411 1608 2447 brev.
1636 2423 1670 2456 p.
1696 2410 1830 2445 XXVI.
1857 2409 2027 2450 LXXIX;
2063 2410 2107 2443 cf.

175 2468 370 2510 praeterea
395 2467 440 2502 de
464 2467 534 2502 hoc
559 2467 654 2503 libro
679 2467 840 2502 editores
866 2467 960 2513 legis
976 2468 1266 2504 Alamannorum
1283 2467 1366 2503 MG.
1385 2468 1452 2503 LL.
1472 2469 1525 2503 III
1552 2481 1585 2513 p.
1604 2470 1618 2503 1
1647 2471 1685 2503 et
1704 2468 1771 2502 LL.
1793 2468 1838 2502 N.
1857 2466 1898 2502 G.
1914 2467 1957 2508 V,
1975 2468 1990 2501 1
2014 2479 2050 2512 p.
2067 2467 2108 2501 12

175 2524 213 2557 et
238 2522 333 2568 legis
350 2522 614 2559 Ribuariorum
638 2523 720 2559 MG.
742 2525 810 2559 LL.
828 2524 861 2559 V
887 2537 921 2570 p.
944 2526 1030 2570 195).
1074 2524 1196 2561 Codex
1221 2528 1333 2561 antea
1358 2525 1439 2567 fuit,
1466 2528 1508 2560 ut
1533 2525 1612 2570 ipse
1638 2527 1809 2567 testatur,
1834 2525 1992 2559 ecclesiae
2016 2524 2106 2558 beati

175 2579 404 2615 Launmnari
428 2581 485 2624 (=
511 2580 562 2616 St.
579 2580 690 2617 Lorne
716 2582 760 2616 de
777 2582 896 2623 Blois3
924 2583 968 2617 cf.
987 2582 1125 2618 Delisle
1151 2583 1289 2618 cabinet
1314 2583 1375 2617 des
1399 2594 1496 2617 mser.
1515 2583 1546 2624 2,
1561 2582 1657 2626 406),
1684 2583 1912 2626 eandemque
1939 2581 2012 2616 fere
2039 2580 2106 2615 ori-

174 2636 299 2682 ginem
330 2637 491 2678 indicat,
524 2638 622 2682 quod
653 2638 822 2673 Aldricus
858 2639 1143 2675 Cenomanensis
1175 2640 1238 2682 (Le
1264 2641 1384 2685 Mans)
1418 2640 1598 2675 ecclesiae
1634 2639 1829 2685 episcopus
1860 2638 2105 2674 instrumento

175 2694 386 2740 conscripto
412 2707 444 2730 a.
463 2695 530 2729 838
554 2696 676 2731 locum
701 2696 770 2731 Th.
788 2697 819 2738 2,
840 2698 925 2739 15,1
959 2697 1064 2732 iuxta
1094 2698 1205 2732 huius
1235 2697 1422 2743 epitomae
1456 2698 1611 2732 formam
1642 2697 1751 2732 affert
1776 2696 1955 2741 (Savigny
1984 2695 2103 2730 Gesch.

174 2751 236 2786 des
258 2755 343 2788 ro'm.
362 2752 490 2788 Rechts
514 2753 535 2787 2
551 2754 564 2773 ²
588 2765 622 2798 p.
643 2753 733 2798 120),
759 2754 856 2789 unde
886 2758 1082 2800 praeterea
1112 2755 1271 2790 efficitur
1302 2758 1388 2790 ante
1420 2766 1504 2790 eum
1537 2766 1673 2789 annum
1699 2753 1901 2798 epitomam
1929 2753 2102 2798 compila-

174 2810 254 2844 tam
278 2821 367 2846 esse.
417 2810 662 2846 Continentur
688 2811 871 2847 volumine
899 2813 1090 2858 complura
1121 2824 1165 2848 ex
1198 2812 1345 2858 legibus
1379 2812 1554 2847 Romanis
1590 2815 1627 2847 et
1655 2811 1881 2847 Germanicis
1908 2811 2103 2855 desumpta

174 2869 390 2903 enumerata
418 2867 618 2915 diligenter
643 2869 743 2914 apud
766 2869 1006 2913 Haenelium;
1041 2870 1224 2915 excerptis
1257 2882 1300 2905 ex
1326 2869 1583 2905 Theodosiano
1609 2881 1704 2913 quae
1736 2869 1911 2913 leguntur
1936 2868 1958 2902 f.
1977 2868 2103 2901 9-48

174 2925 444 2970 praescribitur
466 2927 626 2970 capitula
655 2927 698 2961 de
723 2927 790 2972 leye
815 2927 999 2971 Romana,
1030 2927 1277 2963 subscribitur
1301 2928 1492 2971 expliciunt
1525 2937 1567 2961 coe
1593 2936 1734 2969 corpore
1758 2925 2000 2959 Theodosium
2024 2925 2104 2960 libri

173 2981 324 3017 sedecim.
372 2983 506 3018 Eorum
531 2988 803 3029 excerptorum,
829 2995 925 3028 quae
949 2984 1017 3019 sub
1044 2984 1225 3019 vocabulo
1254 2984 1453 3029 ‘epitomae
1480 2984 1601 3029 suppl.
1629 2983 1707 3017 Lat.
1725 2982 1803 3016 215'
1831 2981 2005 3017 breviarii
2030 2981 2103 3017 edi—

174 3038 269 3074 tioni
293 3039 450 3076 inseruit
467 3040 678 3083 Haenelius‚
703 3041 996 3083 fundamentum,
1023 3044 1065 3077 ut
1090 3041 1263 3086 exposuit
1287 3041 1416 3083 editor,
1443 3044 1499 3076 est
1525 3040 1686 3086 epitome
1704 3039 1922 3084 Aegidiana,
1942 3050 2101 3082 quacum

174 3095 312 3141 passim
348 3097 442 3133 haec
474 3098 522 3133 ad
556 3099 707 3134 verbum
741 3099 929 3140 convenit;
968 3099 1031 3134 sed
1066 3099 1274 3144 adsumpsit
1312 3098 1533 3144 compilator
1569 3099 1763 3142 praeterea
1799 3097 1888 3131 duos
1920 3096 2102 3131 Breviarii

173 3153 298 3195 libros
323 3154 483 3190 alterum
507 3166 552 3191 ex
573 3167 707 3201 genere
731 3168 864 3197 eorum,
891 3156 954 3201 qui
979 3159 1084 3192 textu
1109 3157 1241 3191 omisso
1267 3155 1596 3201 interpretationes
1621 3155 1717 3190 solas
1742 3154 1915 3195 referunt,
1943 3154 2100 3188 alterum

173 3210 332 3246 similem
362 3211 497 3247 nostris
520 3211 689 3255 EOYD,
723 3214 786 3249 sed
817 3225 860 3249 eo
893 3213 1039 3249 nomine
1070 3214 1117 3248 ab
1150 3213 1196 3247 iis
1228 3213 1494 3254 discedentem,
1528 3213 1626 3257 quod
1659 3224 1740 3246 cum
1774 3211 1811 3245 hi
1845 3210 2101 3246 additamenta

173 3267 277 3304 nulla
311 3269 477 3304 habeant
512 3270 559 3304 ad
596 3269 710 3305 libros
740 3271 957 3312 XII-XV,
996 3270 1161 3316 epit-ome
1198 3270 1339 3306 adiciat
1377 3270 1542 3305 rubricas
1582 3270 1880 3314 epitomatasque
1922 3268 2099 3304 constitu-

174 3323 294 3360 tiones
318 3325 404 3361 has:

312 3381 445 3418 ΤΗεοι).
464 3384 491 3418 Ι.
1804 3394 1823 3418 F

2149 1672 2280 1705 Cassia.
2298 1676 2361 1706 522

2143 2094 2228 2128 Ben.
2251 2094 2366 2127 Levita
