2501 3615
940 193 984 198 —-
1033 168 1125 208 CLV
1175 192 1216 198 ——

115 275 280 312 tionibus
306 274 441 312 nost-ris
466 274 503 310 id
529 274 565 310 in
591 288 664 311 una
690 275 767 311 sola
793 277 825 317 9,
844 278 927 316 15,1
956 278 1053 320 (nam
1080 276 1264 313 mittimus
1290 275 1546 322 perturbatam
1575 276 1670 317 15.7,
1688 277 1720 318 1)
1746 274 1879 312 evenit.
1924 277 1977 312 Ita
2006 276 2042 311 in

115 334 268 378 reliquis
302 333 471 378 quaestio
505 333 640 378 surgit,
679 333 797 368 utrius
834 334 920 369 anni
954 334 1032 369 dies
1065 335 1113 369 sit
1148 334 1364 370 enuntiatus
1400 334 1456 368 vel
1496 333 1620 379 potius
1658 333 1826 368 relictus:
1864 346 1947 368 nam
1984 334 2043 368 vix

118 391 272 426 dubium
297 394 351 426 est
379 391 537 426 alterum
561 403 697 426 annum
724 392 912 426 sublatum
940 403 1017 427 esse
1044 392 1120 427 sive
1147 404 1167 427 a
1192 391 1502 437 compilatoribus
1520 390 1767 427 Theodosiani
1793 391 1870 425 sive
1896 403 1917 426 a
1936 392 2044 426 libra-

114 449 178 483 riis
211 448 477 494 posterioribus
510 449 565 492 (ut
600 448 765 484 fecerunt
798 449 942 484 librarii
970 448 1144 483 breviarii
1179 449 1215 483 in
1244 449 1510 484 constitutione
1537 449 1603 484 illa
1628 450 1659 489 9,
1680 449 1793 487 15.1).
1842 448 1894 483 Re
1921 461 2044 492 qli-am-

113 517 223 550 quam
259 506 453 550 praevalet
486 505 563 540 dies
597 506 690 552 legis
723 507 851 546 datae,
884 506 1123 541 nihilomiuus
1154 506 1395 551 posteriorem
1424 507 1543 553 magis
1574 506 1749 542 relictum
1774 518 1851 542 esse
1883 506 2043 540 ostendit

114 563 197 608 ipsa
223 562 442 598 constitutio
475 563 541 598 illa
575 563 684 608 plena
711 564 743 603 9,
760 565 847 603 15,1
878 563 1037 608 priorem
1064 563 1160 599 diem
1188 564 1327 599 habens
1354 564 1390 598 in
1417 565 1494 599 solo
1521 564 1690 609 exemplo
1711 563 1895 599 Vaticano
1922 564 2045 598 contir-

115 622 293 664 mantque
327 619 488 655 collatae
520 621 615 656 int-er
641 633 677 655 se
709 621 1000 666 subscriptiones
1032 621 1130 656 aliae
1156 621 1304 665 (8,10,1
1333 624 1368 657 01
1399 622 1550 664 10,1;’>,1
1580 642 1622 647 —
1651 623 1702 661 11,
1720 621 1807 663 28,1
1836 623 1873 656 et
1898 621 2044 662 8,5,15.

115 679 169 719 15,
183 678 215 718 3,
230 678 252 712 2
277 698 319 702 -
348 679 400 712 11.
415 678 469 713 29.
488 680 503 712 1
533 680 567 713 et
599 680 650 720 11,
665 678 719 717 30,
738 680 752 713 1
781 699 824 703 -—
850 677 954 713 Sirm.
979 679 1020 713 12
1039 681 1076 713 et
1096 679 1147 720 16,
1163 680 1193 719 5,
1208 678 1262 712 43.
1293 679 1343 719 16,
1361 679 1412 720 10,
1431 681 1485 714 15)
1505 683 1540 714 01
1559 679 1689 715 ubiubi
1709 678 1878 724 quaestio
1896 678 2045 714 aliunde

113 734 352 771 determinari
376 738 510 780 potest,
538 735 575 770 in
601 735 938 781 subscriptionibus
963 736 1010 770 ad
1036 736 1126 771 (11103
1152 748 1266 771 annos
1291 737 1565 781 pertinentibus
1592 740 1627 773 et
1655 749 1767 772 unum
1793 737 1911 771 solum
1938 748 2046 771 enun—

113 792 298 828 tiantibus
323 792 385 828 hic
411 804 528 827 annus
554 796 610 828 est
636 792 910 838 propositionis.
959 792 1300 828 Demonstravimus
1332 792 1369 827 id
1408 793 1451 828 de
1483 806 1515 828 a.
1533 794 1636 837 4038
1667 794 1714 828 ad
1743 794 1794 828 16.
1809 795 1840 835 5,
1854 794 1914 834 43;
1949 792 2045 827 idem

110 849 214 885 locus
239 849 396 894 requirit
422 851 474 890 11,
490 850 545 891 ⁶28,
564 851 598 884 1:
633 849 718 884 data
742 850 769 884 V
797 849 829 884 k.
849 849 937 884 Nor.
958 850 1171 884 Antiochiae
1196 849 1434 895 [Blamert'ino
1467 855 1499 885 et
1526 851 1667 885 Nevitta
1699 851 1850 896 conss.J,·
1883 861 1953 885 acc.
1975 850 2014 884 X
2021 850 2051 884 V

111 906 143 942 k.
163 908 253 951 Apr.
276 907 504 953 Kartha-cyme
531 907 677 942 Iuliano
704 908 748 941 A.
768 906 862 940 IIII
880 910 908 941 et
933 906 1102 941 Sallustio
1127 918 1237 942 conss.
1287 906 1467 943 Similiter
1499 908 1800 953 postconsulatus
1828 908 1984 951 10,17,23
2010 911 2047 942 et

114 965 212 1007 11‚1‚
230 964 272 999 13
306 967 347 999 ut
380 967 479 999 recte
506 966 686 1010 aptantur
711 964 758 999 ad
784 963 862 1000 dies
887 964 1152 1010 propositionis
1179 964 1223 998 id.
1249 965 1330 1000 Ian.
1358 967 1395 1000 et
1424 965 1502 999 XV
1523 965 1555 1000 k.
1576 965 1689 1009 Febr„
1717 965 1771 1000 ita
1805 978 1887 1000 cum
1918 965 2047 1000 diebus

115 1022 240 1068 legum
272 1033 397 1057 earum
430 1022 644 1057 emissarum
683 1021 874 1057 conciliari
912 1025 1110 1066 nequeunt.
1171 1022 1228 1056 Ad
1260 1034 1341 1058 eam
1374 1034 1538 1058 normam
1564 1023 1711 1068 explevi
1737 1022 2045 1067 subscriptionem

114 1079 306 1115 evidenter
327 1079 583 1125 imperfectam
604 1080 655 1122 11,
669 1079 723 1121 28,
740 1080 760 1113 »5
786 1082 1035 1125 poteruntque
1064 1079 1349 1116 constitutiones
1375 1092 1440 1116 eae
1458 1091 1552 1125 quae
1571 1081 1687 1115 solum
1707 1080 1804 1116 diem
1829 1079 2047 1125 propositio-

112 1136 169 1172 nis
200 1139 410 1179 servarunt,
443 1136 473 1171 si
505 1136 537 1171 is
569 1137 606 1172 in
638 1136 725 1172 anni
761 1136 988 1182 principium
1021 1137 1169 1180 incidit,
1202 1137 1280 1172 iure
1313 1138 1454 1173 retrahi
1497 1138 1544 1173 ad
1582 1150 1716 1173 annum
1755 1137 1819 1182 qui
1845 1138 2046 1183 praecedit.

112 1194 182 1229 Sed
208 1198 250 1230 ut
275 1194 313 1229 in
330 1195 513 1230 laterculo
538 1195 585 1230 ab
613 1194 793 1230 eiusmodi
821 1194 1043 1231 coniecturis
1070 1195 1247 1237 abstinui,
1275 1195 1330 1231 ita
1355 1195 1419 1231 ubi
1447 1208 1529 1231 cum
1551 1196 1745 1231 consulatu
1772 1207 1843 1230 11110
1862 1195 1939 1231 dies
1958 1195 2047 1230 duos

112 1250 271 1288 traditos
289 1251 468 1288 habemus
488 1263 667 1287 annorum
685 1252 923 1294 diversorum,
951 1252 1258 1288 constitutionem
1274 1252 1405 1289 rettuli
1429 1253 1475 1288 ad
1495 1265 1640 1294 annum,
1663 1253 1726 1297 qui
1746 1251 1926 1288 traditum
1946 1264 2047 1297 prae-

113 1308 223 1345 cedit.
242 1329 286 1334 —
311 1309 400 1344 Loci
425 1309 496 1346 etsi
522 1312 677 1356 possunt
702 1309 888 1345 enuntiari
913 1310 961 1345 ad
988 1309 1083 1345 diem
1112 1313 1149 1346 et
1176 1310 1286 1345 datae
1313 1309 1590 1345 constitutionis
1615 1312 1653 1345 et
1679 1313 1857 1355 acceptae
1885 1310 1943 1344 vel
1968 1322 2048 1354 pro-

114 1366 271 1412 positae,
298 1366 413 1403 etiam
439 1367 588 1413 saepius
614 1367 838 1403 omittuntur
856 1371 922 1404 aut
946 1367 984 1402 in
1002 1370 1158 1412 utroque
1178 1368 1236 1404 die
1255 1370 1322 1403 aut
1343 1367 1380 1402 in
1399 1368 1518 1403 altero
1536 1370 1629 1402 utro.
1668 1367 1875 1403 Pleniorem
1893 1368 2048 1402 formam

114 1423 323 1460 breviatam
349 1436 427 1460 esse
453 1436 520 1470 per
544 1424 645 1470 ipsos
663 1424 915 1460 Theodosiani
942 1424 1204 1469 compilatores
1230 1424 1268 1458 in
1295 1436 1367 1458 una
1395 1427 1494 1459 certe
1514 1423 1779 1459 constitutione
1798 1423 1917 1467 (Sirm.
1938 1424 1979 1458 12
2006 1439 2047 1452 =

113 1481 166 1524 16,
180 1482 212 1525 5,
226 1481 282 1516 43.
310 1482 432 1524 16,10‚
450 1483 506 1526 14)
539 1493 657 1527 paene
692 1484 833 1517 certum
867 1483 922 1517 est
955 1484 991 1516 et
1024 1480 1118 1515 alibi
1144 1492 1290 1525 quoque
1321 1480 1459 1525 passim
1492 1479 1530 1515 id
1555 1480 1703 1516 videtur
1727 1480 1922 1521 accidisse;
1950 1482 2048 1516 certe

114 1549 198 1574 cum
214 1538 440 1584 subscriptio
463 1538 549 1574 data
565 1542 595 1574 et
611 1543 757 1584 accepta
775 1540 821 1583 (2,
838 1540 866 1580 1,
881 1540 915 1583 3)
940 1550 1012 1573 non
1031 1538 1205 1582 offendat,
1231 1538 1389 1573 formula
1413 1538 1500 1573 data
1517 1542 1545 1573 et
1564 1539 1765 1584 proposita,
1791 1550 1886 1583 quae
1912 1538 2050 1584 legitur

116 1596 225 1637 1,9‚1
252 1618 300 1623 —
322 1596 438 1639 2‚6,4
461 1617 506 1622 —-
530 1597 631 1639 4,12,
651 1597 671 1631 6
697 1617 739 1621 -
766 1597 924 1639 5‚15‚17
952 1617 993 1621 —
1021 1596 1154 1638 7,22,5
1182 1596 1406 1638 —10,10‚2
1433 1596 1709 1639 —13‚9‚1—
1736 1596 1894 1637 14,10,2
1921 1595 2048 1639 (iuliis

113 1652 258 1689 duabus
291 1654 397 1690 abest
429 1655 579 1700 copula)
611 1675 655 1679 —-
689 1654 844 1696 14,11‚1
873 1674 912 1678 —
943 1654 1098 1695 14,14,1
1134 1674 1172 1678 -
1211 1653 1382 1697 15‚12,3,
1417 1652 1478 1688 vix
1512 1653 1585 1689 ullo
1618 1654 1698 1689 loco
1731 1653 1871 1698 poterit
1903 1653 2048 1689 defendi

113 1711 283 1756 reditque
309 1711 455 1747 omnino
482 1712 530 1747 ad
554 1712 789 1748 omissionem
815 1711 889 1747 diei
914 1711 1048 1756 prioris
1073 1711 1169 1747 male
1196 1710 1403 1746 substituta
1430 1711 1576 1756 copula.

231 1791 351 1835 Data,
377 1803 443 1837 pro
469 1804 542 1837 qua
575 1792 730 1828 formula
762 1792 931 1828 sollemni
963 1792 1189 1837 aliquotiens
1216 1792 1493 1828 substituuntur
1518 1791 1634 1828 aliae:
1663 1792 1795 1827 directa
1821 1793 1864 1837 (8,
1879 1794 1910 1835 5,
1925 1794 1982 1838 28)
2008 1814 2049 1818 —

114 1847 241 1883 emissa
265 1848 608 1893 (6,27,3-8,1,3
644 1869 689 1875 —-
724 1851 756 1891 8,
772 1851 858 1891 7‚11
901 1870 941 1875 ——
984 1850 1164 1892 11,30‚30
1198 1871 1240 1875 —
1277 1850 1458 1891 11,.30,50
1491 1870 1533 1875 -—
1569 1850 1762 1894 12,1,112)
1789 1871 1830 1875 -
1855 1851 2048 1894 subscripta

113 1905 182 1949 (10,
198 1906 304 1949 15,3;
328 1906 415 1941 Vat.
433 1907 475 1942 fr.
493 1907 568 1951 34),
595 1919 663 1942 usu
688 1907 859 1953 legitimo
885 1919 955 1942 11011
982 1908 1140 1942 refertur
1164 1906 1236 1942 nisi
1262 1907 1309 1942 ad
1334 1906 1607 1952 imperatorem.
1656 1907 1793 1942 Datam
1819 1908 1865 1943 ab
1892 1908 2048 1953 impera-

112 1966 192 1999 tore
216 1963 522 2013 constitutionem
545 1965 651 1999 mittit
675 1965 824 2010 proprie
848 1965 1092 2011 magistratus
1116 1964 1284 2010 superior
1302 1965 1348 2000 ad
1366 1964 1577 2001 inferiorem
1595 1965 1641 2009 (8,
1659 1966 1710 2007 11,
1727 1966 1763 2000 3:
1788 1965 1896 2000 missa
1922 1977 1945 2000 α
1964 1968 2049 2010 ffb,

112 2019 268 2056 fortasse
294 2020 410 2057 etiam
433 2021 510 2063 8,6,
528 2023 578 2066 1),
612 2021 701 2058 110111
731 2023 849 2058 scribit
879 2024 1028 2067 (7,22,9
1055 2039 1097 2052 =
1125 2022 1315 2066 1·2‚1,83,z;
1349 2022 1550 2067 aliquoties
1582 2025 1708 2058 tamen
1739 2034 1805 2068 per
1830 2023 1986 2058 abusum
2018 2023 2048 2057 is

112 2076 252 2113 dicitur
273 2077 580 2115 constitutionem
606 2080 694 2115 dare
718 2080 786 2125 (ita
805 2080 890 2115 Vat.
910 2080 969 2115 35:
997 2081 1084 2115 data
1109 2092 1132 2114 a
1153 2081 1334 2125 praesecto
1349 2080 1570 2126 [praetorio]
1589 2080 1638 2114 ad
1655 2085 1878 2115 correctorem
1898 2081 2047 2123 Piceni,¹

112 2133 286 2171 similiter
315 2136 417 2182 leges
450 2137 551 2179 5,14,
567 2137 622 2172 34.
649 2137 805 2179 7,13,11
841 2137 1016 2173 [licuntur
1041 2137 1147 2172 (latae
1170 2138 1261 2183 Tyro
1285 2138 1470 2182 metropoli
1498 2150 1521 2173 a
1554 2137 1738 2173 consulari
1764 2138 1968 2174 Phoenices
2002 2139 2049 2174 ad

110 2192 356 2239 magistratus
382 2195 628 2240 Berytenses).
655 2217 698 2221 —
727 2197 857 2241 Itaque
883 2197 996 2240 locus,
1024 2197 1119 2232 unde
1147 2197 1257 2232 datur
1283 2196 1512 2240 constitutio,
1540 2197 1570 2232 is
1596 2199 1662 2240 est,
1691 2195 1756 2231 ubi
1782 2207 1823 2231 eo
1850 2195 1908 2231 die
1935 2195 2048 2241 impe-

110 2252 213 2286 rator
238 2251 421 2288 consistit.

227 2321 351 2366 Accipi
376 2321 517 2358 dicitur
543 2322 764 2359 constitutio
796 2335 879 2358 cum
905 2335 926 2358 a
952 2323 1178 2369 magistratu
1204 2336 1261 2368 eO,
1293 2324 1339 2359 ad
1365 2336 1474 2369 quem
1500 2323 1547 2358 ab
1575 2323 1799 2368 imperatore
1826 2322 1969 2358 directa
1995 2324 2049 2357 est

111 2377 171 2413 vel
189 2377 383 2415 deficiente
400 2391 443 2416 eo
463 2392 486 2415 a
503 2392 712 2417 successore
729 2381 774 2425 (6,
789 2382 844 2423 30,
861 2382 925 2425 11),
945 2383 1025 2416 111111
1041 2393 1063 2416 a
1080 2381 1303 2428 magistratu
1322 2381 1460 2417 ordinis
1479 2380 1670 2422 inferioris,
1691 2381 1737 2416 ad
1756 2392 1864 2425 quem
1883 2379 2049 2425 superior

111 2446 194 2471 eam
219 2435 458 2473 transmittit.
506 2438 566 2473 Ita
592 2438 732 2483 passim
757 2438 993 2484 reperiuntur
1022 2439 1205 2484 rescripta
1231 2440 1321 2475 data
1347 2440 1394 2474 ad
1417 2439 1647 2484 praefectum
1664 2438 1863 2483 praetorio,
1891 2440 2047 2482 accepta

112 2492 345 2540 Karthagine
363 2494 486 2530 aliove
505 2495 598 2537 1000,
616 2495 681 2531 ubi
700 2495 930 2532 consistebat
954 2509 1025 2532 non
1044 2498 1265 2542 praefectus,
1283 2497 1347 2532 sed
1373 2496 1569 2542 proconsul
1589 2495 1795 2531 vicariusve
1823 2495 1879 2530 vel
1900 2505 2048 2540 praeses

111 2550 336 2595 provinciae.
369 2572 413 2578 —-
446 2553 577 2587 Actum
606 2553 672 2588 sub
701 2553 756 2588 die
789 2553 902 2588 eodem
933 2555 1032 2599 quod
1064 2557 1119 2590 est
1151 2554 1189 2589 in
1220 2555 1370 2590 novella
1404 2553 1596 2590 Anthemii
1621 2553 1782 2589 secunda
1808 2552 2046 2588 subiunctum

112 2607 257 2644 dationi
283 2608 432 2645 videtur
457 2610 688 2646 referendum
722 2623 799 2647 esse
831 2611 879 2646 ad
905 2611 1171 2656 acceptionem.

229 2688 377 2724 Leccam
402 2702 480 2727 0330
508 2691 812 2727 constitutionem
839 2692 939 2736 apud
963 2696 1045 2727 acta
1070 2693 1143 2736 (vel
1170 2694 1254 2728 lecta
1279 2692 1377 2736 actis,
1406 2692 1437 2727 si
1462 2692 1534 2727 fida
1560 2694 1616 2727 est
1641 2690 1867 2736 subscriptio
1895 2692 1946 2731 13,
1961 2692 1993 2732 9,
2008 2691 2043 2733 2)

112 2745 314 2791 aliquoties
344 2747 530 2793 reperitur
560 2748 597 2783 in
630 2748 782 2784 directis
816 2749 863 2784 ad
894 2750 1125 2795 praefectum
1156 2750 1345 2795 praetorio
1377 2750 1527 2791 (2,12,1
1557 2769 1595 2774 ——
1623 2750 1655 2790 4,
1673 2750 1703 2790 6,
1721 2750 1742 2783 3
1767 2769 1810 2773 ——
1839 2749 2044 2789 11,16,14),

111 2806 160 2842 ad
182 2807 414 2852 praefectum
440 2808 524 2843 urbi
544 2808 588 2851 (2,
606 2808 661 2851 26,
676 2810 722 2853 2),
749 2809 797 2843 ad
816 2809 1044 2844 consularem
1064 2809 1247 2844 Aemiliae
1275 2810 1312 2843 et
1330 2807 1504 2852 Liguriae
1523 2807 1592 2849 (11,
1610 2807 1662 2847 16,
1676 2806 1723 2851 2),
1750 2807 1796 2841 ad
1815 2806 2044 2851 praefectum

113 2875 280 2900 annonae
316 2865 465 2902 Africae
498 2866 567 2911 (13,
585 2867 616 2908 9,
636 2866 688 2909 2),
722 2866 770 2901 ad
808 2865 1025 2911 episcopum
1067 2865 1182 2911 [urbis
1221 2865 1372 2910 Romae]
1406 2865 1532 2907 (16,2,
1557 2864 1629 2909 14),
1665 2863 1754 2899 item
1788 2864 1876 2898 leda
1912 2866 1967 2898 est
2004 2863 2045 2896 in

113 2922 259 2957 ecclesiis
291 2923 510 2959 constitutio
542 2923 662 2959 altera.
688 2922 831 2959 directa
863 2924 910 2959 ad
940 2923 1096 2960 eundem
1128 2924 1195 2967 (16,
1216 2924 1247 2964 2,
1267 2923 1334 2967 20).
1390 2921 1477 2958 Loci
1508 2921 1680 2957 lectionis
1705 2920 1945 2957 enuntiantur
1970 2920 2041 2954 duo

112 2979 244 3024 Capua
267 2980 337 3023 (11,
354 2980 407 3025 16,
424 2981 481 3023 14)
507 2983 545 3016 et
562 2980 749 3027 Carthago
776 2982 820 3024 (4,
835 2982 866 3024 6,
882 2983 902 3016 2
929 3002 971 3006 —
998 2982 1030 3023 4,
1047 2982 1078 3023 6,
1093 2981 1138 3025 3).
1179 2980 1303 3015 Lectio
1328 2979 1428 3024 apud
1453 2983 1534 3014 acta
1559 2978 1707 3013 videtur
1733 2977 2042 3024 promulgationis

113 3038 213 3074 vices
243 3039 381 3081 facere,
420 3042 519 3075 certe
556 3051 638 3075 cum
671 3039 742 3075 hac
778 3040 936 3074 formula
969 3039 1089 3074 altera
1130 3036 1360 3083 proponendi
1394 3048 1577 3081 nusquam
1614 3035 1796 3081 reperitur
1833 3034 2041 3070 coniuncta.

111 3094 219 3132 Certe
249 3107 288 3131 re
318 3107 390 3131 non
421 3108 645 3142 magnopere
677 3097 853 3132 differunt
884 3096 1056 3142 acceptio
1088 3098 1125 3131 et
1157 3095 1269 3131 lectio
1302 3095 1402 3140 apud
1434 3097 1536 3135 acta,
1568 3105 1663 3138 quae
1695 3105 1875 3137 nusquam
1902 3092 2041 3127 inveni-

113 3155 226 3188 untur
249 3153 400 3190 iunctae
423 3155 673 3199 (nequaquam
697 3155 808 3190 fidam
834 3167 911 3191 esse
938 3152 1249 3198 subscriptionem
1277 3153 1328 3194 13,
1343 3154 1374 3194 9,
1389 3153 1410 3187 2
1440 3163 1511 3187 acc.
1537 3151 1672 3195 Aqua„
1708 3151 1795 3185 lecta
1819 3149 1905 3184 actis
1930 3160 2042 3194 supra

111 3221 147 3254 p.
166 3209 283 3245 CXIX
309 3210 474 3247 indicare
501 3212 602 3246 volui
635 3212 733 3248 hunc
767 3212 888 3247 locum
920 3211 1173 3257 intellegens);
1207 3222 1293 3245 nam
1318 3209 1489 3255 acceptio
1521 3208 1706 3254 significat
1738 3206 2040 3242 constitutionem

111 3267 159 3302 ad
189 3267 453 3314 magistratum
485 3269 712 3314 pervenisse,
747 3269 860 3304 lectio
882 3269 993 3314 'apud
1024 3270 1109 3303 acta
1140 3266 1219 3303 eius
1253 3266 1353 3301 iussu
1385 3279 1467 3303 eam
1497 3266 1534 3301 111
1566 3264 1766 3300 secretario
1797 3275 1874 3299 esse
1908 3263 2041 3299 recita-

111 3326 202 3360 tam.
220 3345 264 3350 —
284 3324 581 3361 constitutiones
599 3321 694 3370 quae
720 3327 816 3363 nude
836 3326 1011 3362 dicuntur
1035 3326 1141 3360 lectae
1160 3325 1218 3359 vel
1243 3324 1411 3359 recitatae
1437 3324 1602 3359 directae
1627 3323 1674 3357 ad
1703 3322 1932 3367 praefectum
1959 3321 2041 3356 urbi

111 3381 158 3425 (2,
170 3381 236 3424 2,1
263 3402 307 3407 —
331 3383 364 3425 9,
377 3383 465 3426 38,1
492 3405 537 3410 —
565 3383 617 3425 10,
632 3384 664 3425 8,
683 3384 706 3420 3
737 3383 801 3419 ubi
835 3383 985 3419 additur
1015 3383 1056 3417 in
1082 3382 1244 3426 Palatio,
1278 3381 1315 3416 in
1349 3393 1422 3426 quo
1455 3393 1497 3417 00
1530 3384 1696 3426 tempore
1728 3379 1942 3415 morabatur
1977 3378 2040 3412 im-

1714 3438 1766 3472 Κ*

2099 1798 2200 1831 datae

2098 2331 2253 2367 acceptae

2095 2698 2196 2731 lectae
