2485 3615
1205 167 1249 174 --
1298 140 1409 183 CLVI
1458 166 1502 173 --

388 257 537 300 perator
561 276 607 282 -
634 255 686 297 14,
701 254 731 296 3,
749 254 801 295 10,
829 253 893 288 ubi
918 252 1069 288 additur
1092 251 1132 285 in
1150 251 1322 295 Pantheo)
1351 251 1409 286 vel
1435 251 1483 286 ad
1509 250 1689 286 vicarium
1716 251 1842 297 [urbis]
1870 251 1915 295 (9,
1930 251 1984 293 38,
2000 250 2034 296 6)
2060 252 2117 287 νο1
2144 249 2191 287 ad
2215 263 2318 298 prae-

387 315 525 349 fectum
551 312 738 358 praetorio
765 313 832 355 (11,
851 312 902 353 16,
917 312 948 352 4,
975 310 1040 345 ubi
1057 309 1207 345 additur
1225 309 1372 354 Romae>
1393 320 1620 353 quamquam
1643 309 1928 355 magistratibus
1951 309 2156 355 inscriptae
2179 309 2318 345 rectius

385 371 588 406 referentur
613 370 710 406 inter
735 369 895 404 directas
920 368 966 403 ad
992 369 1178 409 senatum,
1211 379 1292 402 cum
1324 369 1362 402 et
1394 366 1487 402 dicti
1518 366 1763 412 magistratus
1788 368 1874 403 huic
1901 368 2068 413 opinioni
2094 367 2317 403 conveniant

390 432 428 465 et
452 429 611 464 formula
638 428 732 469 lecta,
758 429 800 461 ut
825 437 937 471 supra
963 424 1132 466 vidimus,
1159 424 1310 470 propria
1336 424 1386 459 sit
1411 424 1744 460 constitutionibus
1770 425 1921 461 directis
1947 426 1994 461 ad
2020 428 2200 461 senatum.

166 510 363 551 propositae
504 508 726 552 Propmzaitur
750 507 810 541 lex
829 517 849 540 a
867 504 1093 551 magistratu
1111 516 1153 541 eo
1172 504 1236 549 qui
1255 517 1337 540 eam
1355 504 1503 550 accepit
1529 505 1606 541 sive
1632 505 1680 540 ab
1699 504 1923 550 imperatore
1950 506 2027 542 sive
2053 517 2075 541 a
2092 505 2318 552 magistratu

389 566 586 611 superiore.

635 563 815 608 Acceptio
848 565 885 598 et
916 562 1123 608 propositio
1149 562 1240 598 licet
1271 574 1381 608 saepe
1408 562 1516 598 simul
1543 563 1763 608 procedant,
1796 575 1878 599 cum
1903 564 2047 609 possint
2080 564 2158 599 fieri
2188 563 2319 599 diebus

388 624 555 666 diversis,
592 635 722 668 corpus
752 625 917 658 nostrum
949 621 1107 657 alteram
1132 623 1256 656 utram
1281 622 1397 657 solam
1429 620 1602 656 enuntiat
1634 622 1672 656 et
1704 620 1852 666 saepius
1884 621 1994 667 longe
2025 620 2318 666 propositionem

387 694 499 727 quam
525 679 798 725 acceptionem,
833 678 981 714 omnino
1007 680 1224 724 propterea,
1257 679 1355 723 quod
1381 681 1423 714 ut
1448 678 1668 714 constitutio
1695 690 1761 723 pro
1786 679 1869 725 lege
1895 679 2120 722 observetur,
2146 680 2330 728 acceptio⁸

385 752 458 775 non
489 739 641 781 sufficit,
676 737 739 772 sed
769 735 971 781 requiritur
999 736 1217 782 propositio.
1272 736 1543 781 Propositionis
1573 735 1713 771 mentio
1743 748 1815 771 non
1848 736 1889 772 fit
1918 736 1956 772 in
1988 737 2319 773 constitutionibus

386 797 483 831 [latis
514 797 561 832 ad
586 795 786 842 magistros
810 793 974 830 militum
1007 798 1044 830 et
1074 795 1121 829 ad
1148 795 1258 830 duces
1283 795 1439 830 fortasse
1468 806 1540 829 non
1567 806 1671 835 casu;
1703 806 1791 829 nam
1823 806 2050 840 quamquam
2079 807 2150 831 non
2187 796 2319 831 desunt

386 854 671 890 constitutiones
695 853 733 887 in
759 852 890 887 castris
915 852 1131 898 propositae
1158 851 1228 895 (ita
1260 852 1423 897 epistula
1449 851 1601 887 Traiani
1628 852 1675 887 ad
1700 851 1866 888 Similem
1891 852 2086 898 proposita
2115 852 2153 887 in
2187 852 2319 888 castris

384 912 573 958 legionum
605 909 923 957 Aegyptiac-arum
961 911 1110 944 servata
1147 911 1203 944 est
1241 908 1279 943 111
1316 920 1459 954 papyro
1491 908 1729 954 Aegyptiaca
1765 908 1882 944 musei
1915 909 2075 945 Berolin.
2104 910 2199 954 140),
2238 922 2319 955 pro-

385 969 607 1015 positionem
634 967 943 1003 constitutionum
968 966 1198 1002 sollemniter
1231 965 1441 1002 ordinatam
1467 967 1663 1011 probabile
1694 969 1750 1002 est
1781 965 1869 1001 foris
1902 966 2093 1012 propriam
2123 967 2248 1003 fuisse.
2273 988 2319 993 —

383 1028 435 1063 De
461 1028 542 1062 loco
573 1024 840 1072 propositionis
869 1024 908 1059 id
939 1024 1063 1070 ipsum
1093 1023 1239 1059 obtinet
1265 1024 1364 1069 quod
1397 1024 1440 1059 de
1470 1024 1699 1070 acceptionis
1733 1025 1813 1060 1000
1845 1023 2016 1059 diximus.
2065 1025 2184 1071 Saepe
2215 1025 2318 1061 facta

383 1088 438 1121 est
464 1085 577 1121 etiam
604 1096 670 1130 per
693 1083 937 1129 magistratus
962 1081 1219 1127 municipales.
1270 1083 1328 1117 Ita
1354 1082 1455 1128 leges
1481 1094 1503 1117 a
1529 1082 1730 1127 praefectis
1756 1081 1945 1127 praetorio
1970 1081 2104 1118 missae
2136 1083 2183 1118 ad
2209 1082 2319 1117 comi-

383 1146 458 1178 tem
484 1142 660 1182 Orientis,
694 1141 741 1176 ab
767 1141 837 1176 hoc
863 1140 911 1175 ad
937 1140 1166 1175 consularem
1192 1139 1411 1181 Phoenices,
1441 1152 1463 1175 a
1490 1139 1675 1175 consulari
1699 1139 1884 1176 residente
1910 1139 2000 1184 Tyri
2026 1140 2073 1175 ad
2096 1140 2319 1186 Berytenses

383 1212 454 1235 11011
479 1212 621 1245 paucae
647 1200 783 1234 adsunt
807 1198 846 1233 in
871 1198 1015 1244 sylloge
1042 1210 1124 1232 cum
1150 1196 1422 1242 subscriptione
1450 1198 1639 1242 proposita
1661 1198 1808 1243 Beryti5
1839 1197 2012 1234 similiter
2038 1197 2317 1234 constitutionis

382 1258 520 1293 Iuliani
544 1258 655 1293 datae
687 1257 734 1292 ad
760 1257 989 1302 praefectum
1020 1255 1208 1300 praetorio
1237 1255 1373 1297 1,16‚8
1401 1254 1630 1300 exemplaria
1661 1257 1792 1291 extant
1823 1255 1944 1301 lapidi
1974 1255 2092 1291 incisa
2124 1255 2319 1301 proposita

382 1315 418 1349 in
452 1316 581 1350 insulis
607 1315 724 1350 Lesbo
757 1314 810 1357 (C.
831 1313 996 1357 1.L.111,
1017 1313 1142 1356 14198)
1175 1315 1213 1348 et
1238 1312 1399 1358 Amorgo
1426 1312 1462 1355 (1.
1483 1324 1511 1347 c.
1531 1313 1595 1354 ΙΙΙ,
1613 1314 1704 1355 459).
1754 1313 1806 1348 ΕΟ
1838 1313 2030 1349 referenda
2061 1312 2210 1349 videtur
2241 1325 2318 1349 esse

383 1373 442 1408 cni
468 1373 696 1409 Theodosius
727 1371 876 1407 obviam
911 1371 962 1405 ire
994 1371 1119 1406 studet
1150 1370 1459 1406 constitutionum
1491 1369 1817 1415 imperatoriarum
1846 1371 1936 1414 fides
1967 1370 2081 1405 dubia
2113 1374 2147 1405 et
2173 1371 2319 1415 privata

381 1431 535 1466 adsertio
560 1432 719 1475 (1,1‚5);
751 1442 836 1465 nam
868 1429 1048 1465 eiusmodi
1073 1428 1280 1474 propositio
1306 1428 1561 1474 municipalis,
1596 1428 1730 1463 similis
1762 1431 1861 1465 certe
1892 1428 2081 1474 privatae,
2118 1429 2319 1474 interpola-

381 1489 476 1524 tioni
511 1488 671 1524 obnoxia
703 1490 769 1523 est.
802 1508 845 1513 —-
877 1487 994 1533 Leges
1026 1487 1286 1533 promulgatae
1318 1486 1356 1520 in
1388 1487 1478 1522 urbe
1508 1486 1626 1522 Roma
1656 1487 1796 1532 passim
1829 1486 2004 1523 dicuntur
2034 1486 2249 1532 propositae
2279 1487 2320 1520 in

380 1549 460 1590 foro
483 1547 556 1581 divi
580 1546 740 1589 Traiani,
769 1545 881 1581 semel
902 1546 970 1589 (13,
985 1545 1016 1587 5,
1033 1545 1091 1586 29)
1117 1545 1158 1578 in
1183 1549 1263 1590 foro
1282 1545 1502 1588 Apo-omma,
1529 1544 1620 1580 item
1646 1544 1840 1591 proposita
1857 1545 2105 1580 Alexandriae
2131 1545 2268 1588 (14,27,
2286 1545 2318 1588 1)

382 1606 419 1640 in
443 1604 639 1650 Eutycheo,
670 1616 896 1649 quamquam
928 1603 1006 1639 eius
1031 1602 1191 1638 nominis
1217 1602 1429 1638 aedificium
1462 1602 1555 1637 alibi
1588 1615 1660 1639 non
1690 1605 1917 1639 memoratur
1946 1615 2014 1639 uec
2044 1602 2155 1638 facile
2188 1601 2319 1638 haberi

381 1662 520 1708 poterit
546 1674 612 1708 pro
638 1673 709 1696 non
734 1661 863 1707 ignoto
892 1661 1045 1707 Τυχαίῳ.

168 1748 354 1789 praelatae
496 1743 764 1778 Constitutioni
790 1755 885 1787 quae
912 1743 1187 1788 promulgatur,
1220 1744 1262 1777 ut
1293 1754 1363 1777 11011
1397 1754 1478 1777 raro
1505 1753 1600 1787 quae
1627 1741 1791 1778 eiusdem
1817 1741 2029 1788 argumenti
2055 1744 2168 1778 antea
2195 1742 2319 1778 editae

378 1803 479 1842 sunt,
515 1801 701 1846 repetitae
731 1801 1014 1836 ‘anteferuntur‘
1047 1802 1115 1844 (13,
1131 1801 1162 1841 5,
1180 1800 1231 1835 10.
1268 1801 1321 1842 16,
1339 1801 1370 1842 5,
1385 1801 1445 1841 373
1481 1800 1525 1835 cf.
1554 1800 1605 1841 16,
1625 1800 1656 1841 ⁶2,
1675 1800 1751 1845 31),
1790 1799 1846 1835 ita
1878 1799 2122 1846 magistratus
2154 1799 2188 1836 ei
2221 1800 2316 1836 solet

378 1858 542 1893 edictum
568 1871 673 1893 suum
699 1858 922 1904 subiungere
949 1859 1019 1899 vel,
1045 1861 1088 1894 ut
1112 1859 1215 1904 leges
1241 1859 1454 1903 loquuntur,
1482 1857 1604 1893 edicto
1631 1869 1696 1893 suo
1722 1857 2030 1894 constitutionem
2048 1861 2237 1903 praeferre
2258 1858 2314 1893 vel

377 1919 568 1961 anteferre.

618 1918 676 1951 Ita
708 1915 747 1950 in
777 1916 858 1961 ipso
893 1919 1018 1952 tenore
1052 1917 1177 1962 legum
1209 1916 1391 1962 praefecti
1426 1915 1614 1961 praetorio
1646 1915 1823 1951 iubentur
1855 1927 1922 1950 sua
1953 1915 2078 1951 edicta
2109 1927 2314 1961 proponere

374 1975 537 2018 praelata
566 1975 723 2009 iussione
752 1978 875 2009 nostra
906 1975 951 2018 (8,
968 1976 998 2016 5,
1013 1976 1049 2018 7)
1082 1973 1159 2010 sive
1190 1975 1358 2019 praelata
1391 1975 1527 2009 oraculi
1555 1974 1666 2008 haias
1697 1974 1907 2008 auctoritate
1931 1974 1999 2019 (11,
2018 1973 2128 2019 13,1).
2185 1974 2316 2010 Potest

378 2035 503 2067 autem
529 2032 703 2068 similiter
734 2031 879 2068 inverso
911 2032 1036 2068 ordine
1068 2031 1191 2068 edicto
1222 2032 1468 2078 magistratus
1500 2031 1777 2077 promulgantis
1802 2031 2022 2067 constitutio
2048 2031 2245 2077 subiungi,
2277 2031 2314 2066 id

378 2090 476 2134 quod
506 2090 544 2124 in
569 2090 715 2135 legibus
747 2090 963 2135 appellatur
987 2102 1191 2136 proponere
1219 2090 1525 2126 constitutionem
1551 2090 1615 2124 sab
1634 2093 1900 2134 fflvyrammate
1925 2089 2181 2134 magistratus,
2232 2089 2314 2124 Huc

377 2150 551 2193 spectant
576 2147 869 2192 subscriptiones
894 2148 982 2183 hae:

426 2219 453 2258 l,
471 2218 522 2259 16,
541 2217 582 2251 10
602 2218 768 2260 praelata
787 2216 892 2261 (dies)
916 2217 1074 2252 Veronae
1100 2219 1246 2262 (annus)
1273 2217 1340 2252 sub
1360 2216 1628 2252 constitutione
1655 2216 1702 2251 ad
1721 2215 1900 2251 vicarium
1921 2215 2187 2261 Hispaniarum
2213 2216 2313 2251 data.

423 2276 554 2317 7‚8,11
600 2276 764 2319 praelata
794 2275 922 2310 litteris
955 2275 1003 2309 ad
1028 2275 1306 2320 Eutycheanam
1331 2276 1451 2320 praef.
1477 2275 1556 2309 arbi
1590 2274 1683 2319 (dies
1713 2277 1752 2310 et
1783 2276 1914 2319 annus)
1947 2274 2014 2308 sub
2047 2273 2313 2309 constitutione

421 3084 451 3121 9,
468 3083 497 3117 3,
512 3083 533 3115 4

402 3311 556 3352 11‚1,‘25

653 2333 743 2367 data
768 2333 815 2367 ad
842 2332 1015 2368 comitem
1041 2345 1229 2368 sacrarum
1254 2332 1508 2379 largitionum.
1550 2332 1603 2367 Ea
1628 2331 1740 2367 missa
1767 2331 1915 2367 videtur
1940 2332 1988 2367 ab
2013 2331 2239 2377 imperatore
2265 2331 2313 2366 ad

652 2391 883 2436 praefectum
914 2390 998 2426 urbi
1024 2390 1223 2426 subiuncta
1254 2391 1288 2426 ei
1321 2391 1441 2426 altera
1473 2391 1521 2425 ad
1553 2391 1650 2425 hunc
1685 2390 1732 2426 ab
1758 2389 1984 2435 imperatore
2010 2388 2169 2431 directa,
2201 2400 2313 2433 quam

652 2449 742 2483 licet
768 2461 851 2484 cum
875 2449 946 2484 hac
972 2449 1202 2494 propositam
1228 2461 1293 2484 nos
1319 2461 1389 2484 non
1416 2449 1607 2484 habemus.

607 2506 693 2539 data
725 2506 879 2550 epistula
905 2508 1104 2551 praefecto,
1135 2507 1194 2540 cai
1225 2507 1308 2542 haec
1337 2518 1440 2541 sacra
1471 2507 1591 2549 fuerat
1622 2507 1782 2541 antelata
1817 2506 1884 2540 sub
1923 2504 2189 2540 constitutione
2223 2505 2312 2540 data

653 2564 857 2599 Mediolani
882 2565 929 2599 ad
956 2565 1117 2600 Taurum
1149 2568 1235 2612 ff.
1284 2565 1386 2600 Haec
1421 2565 1642 2610 perturbata
1667 2566 1767 2605 sunt3
1802 2564 1957 2599 fortasse
1989 2562 2224 2598 scribendum
2255 2565 2312 2598 est

651 2622 799 2665 epistula
824 2635 847 2656 a
866 2624 1047 2666 praesecto
1078 2626 1115 2659 et
1146 2624 1400 2669 intellegenda
1426 2622 1591 2667 epistula
1622 2634 1644 2657 a
1669 2622 1792 2656 Tauro
1823 2621 1935 2656 missa
1967 2620 2207 2666 magistratui
2239 2619 2311 2655 cui-

651 2679 735 2714 dam
763 2680 964 2724 praemisso
990 2681 1160 2726 exemplo
1187 2680 1468 2717 constitutionis
1494 2680 1597 2714 illius
1623 2680 1670 2715 ab
1696 2680 1920 2725 imperatore
1947 2681 2137 2724 acceptae.

604 2738 746 2781 prolata
769 2739 849 2782 (scr.
863 2739 1042 2783 praelata)
1064 2740 1187 2773 litteris
1212 2740 1277 2773 sab
1294 2739 1349 2773 aie
1370 2739 1463 2773 XII
1478 2738 1510 2773 k.
1528 2738 1641 2773 Mart.
1661 2738 1782 2780 Rom.,·
1803 2748 1872 2771 acc.
1891 2736 1984 2771 IIII
2001 2736 2032 2772 k.
2048 2737 2135 2780 Apr.
2158 2736 2314 2771 Venabmss

650 2795 864 2839 (Venafrffl)
899 2797 1086 2831 consulatu
1117 2797 1363 2831 Valentiniani
1393 2801 1426 2831 et
1452 2797 1608 2831 Valentis
1630 2797 1710 2830 ΑΛ.
1748 2796 1814 2830 sub
1846 2794 2010 2840 epistula
2044 2793 2310 2839 imperatorum

651 2853 741 2888 data
766 2854 813 2888 ad
831 2854 1074 2889 Volusianum
1101 2861 1121 2899 p
1148 2860 1169 2889 ῡ
1196 2855 1269 2898 (vel
1297 2854 1422 2899 potins
1442 2853 1621 2889 vicarium
1639 2853 1822 2898 praefecti
1840 2852 1954 2897 urbi):
1980 2851 2206 2897 subscriptio
2231 2864 2309 2898 per-

651 2911 804 2945 turbata
837 2910 892 2945 ita
924 2911 1070 2946 videtur
1100 2911 1322 2956 accipienda
1359 2911 1505 2947 litteras
1540 2910 1807 2956 imperatorum
1842 2910 1950 2945 datas
1985 2910 2033 2944 ad
2063 2909 2310 2944 Volusianum

651 2968 683 3002 d.
703 2968 771 3001 XII
798 2969 833 3002 k.
852 2968 960 3004 Mart.
986 2972 1024 3004 et
1050 2968 1188 3003 Romae
1219 2969 1265 3003 ab
1292 2969 1361 3003 hoc
1388 2968 1600 3014 propositas
1626 2967 1848 3013 praemissas
1874 2979 1952 3003 esse
1985 2966 2170 3012 epistulae
2197 2966 2308 3002 datae

651 3037 672 3059 a
690 3021 894 3060 Volusiano
920 3026 967 3060 ad
992 3026 1254 3071 magistratum
1279 3026 1403 3061 nescio
1427 3038 1536 3070 quem
1563 3028 1741 3070 acceptae
1760 3024 1913 3061 Venafri
1939 3024 1998 3059 die
2023 3024 2095 3059 1111
2121 3025 2156 3059 k.
2174 3024 2261 3070 Apr.

603 3084 771 3126 praelata
796 3084 921 3118 litteris
945 3095 973 3119 11.
992 3094 1019 3119 e.
1045 3085 1170 3118 vicarii
1195 3084 1286 3127 (dies
1312 3086 1350 3119 et
1383 3084 1499 3128 100113)
1534 3085 1601 3118 sub
1633 3083 1798 3128 epistula
1829 3083 1919 3117 data
1950 3083 1997 3117 ad
2023 3081 2203 3117 vicarium
2227 3082 2308 3116 His-

651 3140 864 3185 paniarum:
900 3141 1044 3175 111101111-
1076 3141 1248 3187 intellegi
1283 3142 1505 3187 rescriptum
1538 3142 1666 3176 datum
1691 3141 1858 3176 Veronae
1894 3140 1942 3175 ad
1969 3138 2149 3174 vicarium
2175 3138 2307 3184 Hispa-

650 3198 794 3232 niarum
830 3198 1042 3243 praemissis
1074 3199 1153 3233 eius
1184 3199 1322 3234 litteris
1354 3200 1401 3235 ab
1435 3211 1476 3234 eo
1513 3198 1663 3233 missum
1697 3210 1774 3234 esse
1809 3198 1856 3233 ad
1888 3197 2151 3243 magistratum
2182 3196 2307 3249 nescio

651 3268 760 3298 quem
787 3256 913 3291 alium.

600 3315 781 3356 proposita
804 3315 840 3347 111
859 3318 1118 3359 pv·0y2·c1nz›11«te
1138 3314 1225 3348 Vari
1251 3326 1277 3349 r.
1293 3326 1319 3349 c.
1340 3315 1465 3349 vicarii
1486 3315 1586 3349 urbis
1606 3315 1738 3349 Romae
1763 3316 1908 3357 (annus)
1934 3313 2002 3348 sub
2027 3312 2191 3358 epistula
2216 3312 2306 3347 data

650 3371 696 3404 ad
723 3371 894 3407 comitem
921 3387 946 3406 s,
966 3373 1004 3406 l.:
1038 3371 1216 3417 intellege
1242 3372 1413 3417 rescripti
1441 3373 1487 3407 ad
1514 3372 1687 3407 comitem
1716 3372 1816 3407 missi
1843 3371 2052 3416 exemplu-m
2078 3371 2124 3405 ab
2150 3370 2304 3416 impera-
