2501 3615
986 165 1029 170 —
1079 142 1268 182 CCCXLV
1317 167 1361 172 —

205 245 427 292 disciplinae
451 247 608 282 statuta'
633 249 798 292 sequitur
823 249 1043 285 constitutio
1064 249 1160 291 XVI,
1182 252 1234 292 11,
1255 251 1287 286 2.
1330 250 1469 287 Deinde
1489 253 1645 298 praebet
1664 252 1969 291 constitutionem
1987 259 2136 302 praeter

208 305 285 339 alia
310 305 402 339 mihi
433 305 565 350 ignota
596 308 741 350 partem
768 307 1045 343 constitutionis
1071 308 1270 343 Theodosii
1297 311 1334 344 et
1352 309 1609 345 Valentiniani
1634 311 1731 355 XVI,
1750 315 1780 354 5,
1799 314 1841 347 62
1873 315 2134 351 continentem.

206 362 373 407 Denique
401 362 568 398 invenies
587 364 892 400 constitutionem
911 365 1111 401 Theodosii
1137 368 1175 401 et
1192 366 1344 401 Arcadii
1371 369 1409 402 et
1433 367 1588 402 Honorii
1609 369 1702 411 XVI,
1721 372 1752 410 5,
1771 371 1815 404 24
1841 374 1879 406 et
1905 372 2025 406 verbis
2051 386 2134 408 non-

205 420 318 454 nullis
343 419 498 454 mutatis
524 421 828 456 constitut-ionem
855 422 953 466 XVI,
974 424 1026 466 11,
1050 426 1077 463 l,
1104 426 1287 468 postremo
1313 427 1489 470 excerpta
1515 437 1559 460 ex
1584 426 1850 462 constitutione
1875 428 2073 464 Theodosii
2099 434 2136 466 ct.

204 477 463 512 Valentiniani
490 477 637 519 XV132,
657 480 710 513 47.
760 479 935 525 Suspicor
967 483 1156 515 auctorem
1195 484 1359 516 nostrum
1391 482 1612 518 collectione
1645 484 1807 528 quadam
1832 497 1937 520 usum
1962 499 2050 527 csse,
2078 489 2135 522 cui

206 535 309 570 varia
338 547 381 570 ex
415 534 509 570 libro
543 535 686 571 decimo
718 539 821 571 sexto
848 537 1097 572 Theodosi-ani
1129 538 1405 583 aliquantulum
1438 539 1638 576 immutata
1674 544 1711 576 et
1742 542 1965 578 abbreviata
1999 545 2135 580 inserta

204 596 310 629 erant
335 604 504 638 quaeque
531 593 835 630 constitutionem
867 595 923 629 illi
950 595 1151 631 Theodosii
1176 596 1403 641 Honoriiqne
1431 597 1544 642 [XVL
1562 600 1593 640 5,
1613 600 1669 644 62]
1701 599 1862 635 similem
1892 602 1955 637 sed
1987 606 2134 638 auctam

205 651 350 686 habuit.
397 651 556 686 Arcadio
583 652 800 697 imperatori
824 653 872 688 ab
898 656 1050 688 auctore
1076 653 1198 689 libelli
1224 654 1340 689 nostri
1367 656 1575 700 complures
1601 657 1886 694 constitutiones
1912 659 2135 701 tribuuntur,

204 720 300 754 quae
325 709 373 744 ab
399 709 484 744 aliis
514 709 802 755 imperatoribus
827 710 899 755 ipsi
926 711 1233 747 antecedentibus
1260 712 1319 747 vel
1346 724 1428 748 eum
1455 715 1697 758 sequentibus
1723 716 1834 752 datae
1860 719 1955 751 sunt.
2006 718 2137 752 Utrum

203 767 284 812 ipse
309 767 402 802 falso
430 778 491 802 eas
517 767 677 804 Arcadio
703 767 943 813 adscripserit
977 781 1025 804 an
1055 769 1168 804 falsas
1200 769 1471 815 inscriptiones
1505 784 1549 806 ex
1574 772 1676 808 fonte
1709 785 1774 809 suo
1806 774 1974 810 hauserit
2004 776 2139 812 nescio.

205 824 296 859 Cum
319 825 510 861 Hincmari
536 826 710 871 operibus
735 827 885 862 libellus
911 828 1106 865 cohaerere
1133 841 1206 864 non
1233 830 1392 865 videtur.

324 895 363 930 In
390 895 547 930 Francia.
564 896 714 931 Ivoneni
735 896 998 934 Carnotensem
1023 910 1095 933 non
1121 898 1240 933 solum
1258 898 1455 934 Iustiniani
1480 900 1593 935 libros
1619 901 1656 935 in
1682 902 1856 946 operibus
1881 903 1956 938 suis
1982 904 2137 939 adhibu-

204 952 276 989 isse
306 956 470 996 constat,
504 954 567 989 sed
601 955 716 990 etiam
742 955 976 991 Breviarium
1009 956 1196 1002 cognovit.
1248 956 1350 997 Quae
1378 969 1462 992 vero
1493 958 1590 994 ratio
1623 959 1720 994 inter
1751 963 1947 1005 utramque
1973 962 2139 996 codifica-

204 1011 344 1046 tionem
371 1011 581 1048 intercedat
617 1025 688 1048 non
721 1013 824 1049 dicit.
875 1013 977 1054 Quae
1009 1026 1052 1049 ex
1077 1014 1273 1059 Decret0¹)
1300 1015 1378 1050 eius
1413 1016 1459 1051 ad
1491 1016 1612 1061 legem
1638 1016 1842 1053 Romanam
1862 1018 2141 1064 Visigothorum

205 1068 414 1114 pertinent,
444 1069 581 1115 passim
611 1070 651 1105 in
677 1073 759 1106 tota
786 1071 1053 1116 compilatione
1080 1072 1299 1117 praesertim
1327 1085 1412 1108 vero
1438 1073 1476 1108 in
1501 1074 1597 1109 libro
1625 1075 1767 1110 decimo
1792 1079 1910 1118 sexto,
1938 1076 1974 1111 in
2000 1089 2071 1121 quo
2097 1078 2141 1112 dc

205 1126 338 1161 officiis
357 1126 538 1162 laicorum
564 1130 602 1162 et
627 1127 748 1163 causis
773 1129 971 1165 eorundem
999 1129 1135 1175 agitur,
1162 1134 1229 1165 aut
1254 1142 1298 1166 ex
1324 1130 1405 1176 ipso
1424 1132 1526 1167 fonte
1545 1132 1746 1178 praecipue
1771 1145 1813 1168 ex
1832 1133 2141 1179 interpretatione

206 1188 273 1221 aut
307 1197 351 1221 ex
384 1186 589 1222 Benedicto
620 1187 753 1222 Levita
785 1190 823 1222 et
854 1188 1068 1223 Burchardo
1102 1189 1238 1224 hausta
1273 1188 1527 1232 inveniantur,
1564 1191 1708 1226 tabella
1741 1191 1928 1226 nonnullis
1962 1193 2142 1237 exemplis

207 1244 389 1281 ostendet.
439 1243 542 1284 Quae
568 1256 613 1280 ex
646 1245 728 1290 ipso
759 1245 950 1281 Breviario
984 1247 1121 1288 adfert,
1154 1247 1372 1292 plerumque
1398 1247 1642 1294 inscriptione
1670 1249 1835 1295 ‘legibus
1863 1249 2143 1285 Theodosianis'

207 1301 396 1348 praebuit,
421 1314 649 1347 quamquam
666 1303 772 1339 varia
798 1316 841 1339 ex
858 1304 969 1339 Pauli
995 1304 1191 1341 sententiis
1217 1306 1386 1351 sumpsit.
1427 1306 1599 1352 Exempli
1623 1307 1748 1352 gratia
1767 1307 1862 1351 XVI,
1883 1309 1947 1342 194
1965 1309 2142 1343 haustum

207 1372 251 1396 ex
283 1360 341 1395 ΒΓ.
360 1360 466 1396 Paul.
490 1361 517 1402 Ι,
539 1363 567 1403 1,
586 1361 606 1395 2
632 1361 699 1396 int.
735 1361 1016 1408 inscriptionem
1051 1364 1108 1397 ‘ex
1140 1363 1223 1408 lege
1249 1363 1520 1399 Theodosiana'
1550 1365 1681 1407 habet,
1717 1365 1814 1407 XVI,
1836 1367 1900 1401 195
1937 1378 1980 1401 ex
2014 1368 2141 1402 eodem

206 1418 281 1463 [ΒΓ.
304 1418 407 1453 Paul.
427 1419 469 1461 V,
490 1420 542 1461 12,
561 1420 582 1454 4
605 1419 689 1464 inc]
716 1419 958 1466 inscriptione
982 1420 1092 1456 ‘item
1124 1421 1220 1456 libro
1246 1421 1306 1464 V‘,
1333 1422 1429 1465 XVI,
1448 1423 1516 1457 205
1549 1423 1620 1468 [ssr.
1641 1423 1745 1458 Paul.
1774 1424 1798 1467 Ι,
1818 1425 1848 1465 7,
1870 1424 1926 1465 10;
1958 1425 1985 1466 I,
2004 1426 2034 1465 8,
2056 1427 2084 1459 1.
2104 1426 2139 1466 2;

207 1476 234 1518 Ι,
253 1478 285 1517 9,
304 1477 325 1511 3
350 1476 432 1522 int]
463 1476 707 1522 inscriptione
735 1478 789 1513 ‘de
814 1478 898 1523 lege
925 1478 1198 1514 Theodosiana'
1226 1481 1414 1514 ornantur.
1473 1479 1688 1526 Complures
1722 1481 1795 1516 Ioci
1830 1481 1877 1515 ad
1911 1481 2139 1517 Breviarium

206 1535 420 1580 spectantes
447 1534 779 1580 [XV1‚196-200.
805 1536 1005 1571 202-204.
1032 1537 1238 1572 244-246.
1264 1537 1344 1582 248]
1371 1537 1614 1584 inscriptione
1641 1542 1762 1585 egent.
1806 1539 1903 1582 XVI,
1922 1541 1987 1574 247
2013 1542 2050 1575 et
2074 1542 2141 1575 249

207 1593 278 1639 [Br.
298 1592 366 1627 Th.
385 1592 446 1634 IX,
467 1595 497 1637 1,
517 1593 538 1627 8
556 1593 622 1628 int.
650 1596 687 1628 11
710 1593 777 1629 int.
807 1594 861 1636 26,
883 1596 897 1629 1
927 1594 1008 1640 int]
1036 1595 1158 1630 verbis
1182 1594 1297 1630 ‘libro
1324 1595 1396 1630 IX'
1420 1595 1688 1639 inscribuntur,
1719 1597 1815 1637 XVI,
1837 1597 2029 1632 253-256
2057 1610 2141 1633 vero

204 1662 249 1686 ex
276 1649 472 1686 sententiis
497 1650 608 1686 Pauli
633 1651 848 1687 adhibuisse
874 1651 977 1687 dicit.
1028 1652 1125 1693 Quid
1151 1653 1194 1688 de
1220 1653 1403 1689 relatione
1429 1653 1527 1690 inter
1550 1654 1847 1690 Theodosianum
1873 1655 2064 1691 Breviario
2091 1656 2142 1691 in-

206 1710 345 1744 sertum
372 1711 411 1744 et
436 1708 545 1743 Pauli
571 1708 777 1744 sententias
803 1709 1038 1755 cogitaverit,
1065 1710 1105 1744 in
1130 1710 1374 1756 inscriptione
1400 1711 1449 1746 ad
1468 1711 1510 1753 V,
1530 1713 1717 1747 281-285
1743 1713 1907 1749 ostendit
1933 1713 2059 1749 dicens
2084 1726 2142 1749 ex-

205 1768 334 1811 cerpta
368 1777 446 1802 esse
479 1766 606 1812 legum
632 1767 973 1803 Theodosianarum
1004 1779 1026 1803 a
1058 1767 1176 1803 Paulo
1207 1768 1468 1814 interpretata.
1517 1770 1561 1803 In
1594 1769 1792 1805 Panormia
1828 1771 1902 1815 [IV,
1921 1772 1985 1806 127
2011 1787 2053 1801 =
2077 1772 2141 1806 Ivo

204 1824 308 1860 Decr.
328 1824 371 1866 V,
389 1825 469 1870 281]
498 1836 583 1860 vero
615 1824 654 1859 in
686 1824 931 1870 inscriptione
956 1825 1115 1860 Paulum
1146 1826 1272 1861 omisit
1304 1827 1430 1862 dicens
1463 1830 1578 1872 caput
1608 1828 1664 1863 ‘ex
1689 1827 1836 1874 legibus
1863 1829 2144 1864 Theodosianis‘

203 1882 380 1917 haustum
414 1894 508 1925 esse,
543 1895 653 1928 quam
685 1883 966 1928 inscriptionem
999 1885 1131 1929 postea
1163 1885 1263 1930 apud
1298 1885 1517 1920 Gratianum
1545 1885 1572 1920 C
1597 1886 1618 1919 2
1644 1898 1678 1930 q.
1697 1888 1717 1921 6
1744 1899 1774 1921 c.
1793 1888 1837 1921 22
1869 1887 1992 1933 legere
2024 1890 2141 1932 potes

205 1940 273 1975 Cui
299 1940 435 1975 addam
463 1941 625 1989 livonem,
654 1953 750 1985 quae
775 1941 813 1976 in
838 1941 995 1977 Decreto
1022 1942 1133 1987 [XV1,
1152 1943 1219 1977 253
1245 1943 1328 1988 etc.]
1355 1943 1600 1988 inscriptione
1624 1945 1681 1980 ‘ex
1707 1944 1903 1980 sententiis
1929 1945 2054 1980 Pauli'
2081 1947 2142 1980 ad-

205 1997 291 2038 fert,
331 1998 370 2032 in
408 1998 608 2034 Panormia
644 1998 722 2034 sine
756 1999 1000 2044 inscriptione
1036 2000 1252 2045 praebuisse
1291 2001 1645 2047 constitutionisque
1682 2002 1963 2038 Sirmondianae
2000 2003 2142 2049 primae

205 2058 365 2101 partem,
392 2068 505 2101 quam
530 2057 568 2091 in
594 2057 750 2093 Decreto
779 2057 890 2102 [XVL
908 2058 989 2102 312]
1015 2070 1059 2093 ex
1087 2058 1282 2094 Benedicti
1307 2059 1461 2095 Levitae
1488 2060 1763 2106 capitularibus
1789 2061 1833 2104 II,
1853 2062 1920 2096 366
1946 2061 2077 2106 adfert,
2105 2061 2142 2095 in

205 2113 402 2149 Panormia
429 2114 486 2160 [V,
505 2115 564 2160 23]
589 2115 657 2150 sub
683 2115 927 2161 inscriptione
951 2116 1201 2152 ‘Theodosius
1219 2117 1280 2152 VI.
1306 2116 1524 2163 imperator'
1549 2118 1702 2154 dedisse.

959 2220 1013 2254 Ex
1039 2219 1167 2256 codice
1192 2220 1386 2256 Breviarii.

358 2289 386 2331 Ι,
412 2288 481 2324 284
507 2305 550 2318 =
575 2289 632 2324 ΒΥ.
652 2289 719 2323 Th.
740 2289 837 2331 XVI,
855 2290 925 2332 4,1
953 2301 997 2325 ex
1023 2291 1237 2326 Burchardo
1265 2291 1465 2336 [Fournier,
1493 2292 1557 2326 Ivo
1582 2292 1651 2337 29].

310 2358 386 2401 *V,
412 2359 481 2393 274
500 2358 563 2394 cfr.
592 2386 607 2402 „
674 2386 689 2403 „
741 2358 804 2400 IX,
826 2360 856 2401 1,
876 2359 894 2393 7
921 2359 959 2393 in
984 2372 1038 2405 pr.
1067 2362 1105 2395 et
1131 2360 1196 2396 int.
1225 2372 1269 2396 ex
1294 2360 1508 2396 Burchardo
1536 2361 1735 2406 [Fournier‚
1764 2362 1828 2397 Ivo
1855 2362 1922 2407 31].

412 2416 475 2450 281
504 2432 547 2445 =
592 2444 608 2460 „
651 2415 757 2451 Paul.
777 2416 821 2458 V,
839 2416 894 2458 35,
913 2417 931 2451 1
958 2416 1026 2452 int.

411 2475 478 2509 282
504 2489 548 2503 =
591 2501 607 2518 „
695 2501 710 2518 „
774 2473 817 2515 V,
838 2475 891 2517 36,
913 2476 929 2508 1
957 2476 995 2509 et
1019 2474 1086 2511 int.
1113 2476 1145 2510 2.

412 2532 480 2566 283
505 2547 548 2560 =
593 2559 606 2574 „
695 2559 710 2575 „
773 2531 817 2573 V,
835 2532 890 2574 37,
907 2533 929 2566 2
954 2532 1020 2567 int.

505 2605 547 2618 =
591 2618 606 2634 ,‚
694 2618 710 2634 „
773 2589 817 2632 V,
836 2590 890 2631 38,
911 2592 928 2624 1
956 2590 1023 2626 int.
1049 2592 1081 2625 2.

412 2647 480 2683 285
506 2662 549 2676 =
592 2676 607 2692 „
696 2675 712 2691 „
775 2647 818 2690 V,
837 2647 892 2689 39,
915 2650 944 2682 1.

413 2705 482 2740 286
508 2721 551 2734 =
594 2733 607 2748 „
653 2705 720 2740 Th.
740 2704 802 2748 IX,
823 2707 852 2748 1,
873 2707 912 2740 11
940 2705 1007 2741 int.

284 2774 385 2816 VIII,
413 2774 480 2809 168
504 2775 543 2809 et
570 2775 634 2810 166
658 2786 774 2819 usque
800 2774 849 2810 ad
874 2775 1027 2810 verbum
1053 2774 1235 2820 ‘possunt‘
1254 2792 1295 2805 =
1320 2777 1379 2812 Br.
1398 2776 1502 2812 Paul.
1522 2777 1567 2820 Π,
1586 2777 1639 2819 20,
1657 2777 1679 2811 4
1704 2779 1742 2812 et
1768 2776 1833 2812 int.
1860 2788 1903 2812 ex
1930 2776 2140 2811 Burchardo

429 2835 433 2837 ’
691 2833 892 2878 [Fourm'er,
919 2834 983 2869 Ivo
1009 2834 1078 2879 32].

324 2901 387 2945 IX,
436 2903 482 2938 64
506 2918 549 2932 =
573 2902 633 2938 Br.
651 2902 756 2937 Paul.
774 2903 837 2944 IV,
858 2903 901 2937 10
925 2905 1046 2938 totum
1073 2903 1137 2938 sed
1162 2902 1241 2938 sine
1267 2903 1420 2948 interpr.
1438 2904 1459 2948 ἓ
1477 2904 1497 2938 4
1523 2907 1560 2940 et
1586 2903 1814 2948 transposita
1840 2903 1991 2947 interpr.
2011 2903 2032 2946 ξ
2052 2903 2072 2936 8
2097 2914 2140 2938 ex

689 2959 904 2995 Burchardo
931 2960 1130 3003 [Fournier,
1157 2961 1221 2994 Ivo
1246 2961 1313 3004 33].

292 3028 390 3071 XVI,
439 3029 480 3063 61
509 3045 551 3059 =
576 3029 636 3064 ΒΓ.
656 3029 724 3063 Th.
743 3029 805 3071 IX,
825 3030 856 3071 3,
873 3029 894 3063 2
919 3041 1034 3074 usque
1058 3029 1241 3072 ‘feriatur'
1265 3041 1309 3064 ex
1335 3029 1536 3065 Benedicto
1561 3030 1704 3065 Levita.

417 3087 484 3122 100
510 3102 552 3116 Ξ
596 3114 612 3130 ,,
655 3087 760 3122 Paul.
779 3087 822 3131 V,
843 3089 872 3129 1,
891 3088 912 3121 4
937 3099 982 3122 ex
1008 3086 1210 3122 Benedicto
1237 3086 1370 3122 Levita
1397 3087 1461 3129 III,
1481 3088 1557 3122 342.

415 3145 482 3179 194
507 3160 550 3173 =
594 3172 610 3189 „
700 3173 714 3187 „
771 3145 799 3187 I,
819 3146 849 3186 1,
867 3145 888 3179 2
913 3144 979 3180 int.

415 3203 482 3238 195
507 3217 551 3231 =
595 3230 608 3245 ‚,
699 3231 713 3245 „
770 3202 814 3247 V,
834 3203 888 3247 12,
906 3203 927 3238 4
952 3202 1018 3237 int.

1480 2677 1497 2696 t

329 3320 356 3364 ¹)
383 3320 434 3353 ed.
452 3321 581 3363 Migne,
606 3302 733 3354 Patrol.
751 3320 810 3353 lat.
837 3321 943 3353 CLXI
970 3332 1000 3364 p.
1018 3318 1061 3353 47
1076 3332 1125 3363 sq.
1167 3322 1227 3353 cfr.
1247 3319 1343 3353 Sav.²
1368 3319 1436 3353 303
1449 3331 1509 3362 sq„
1535 3318 1602 3352 494
1616 3331 1682 3362 sq.;
1709 3319 1843 3352 Haenel
1867 3320 1968 3352 LRV.
1992 3316 2059 3352 465
2072 3330 2140 3361 sq.;

207 3366 332 3400 Tardis
351 3367 423 3400 DC.
450 3365 517 3399 170
529 3378 596 3410 sq.;
621 3367 750 3400 Conrat
773 3365 800 3409 I,
819 3365 886 3400 378
900 3378 969 3410 sq.;
996 3367 1099 3399 Flach
1125 3365 1186 3408 913
1212 3367 1388 3407 Fournier,
1414 3368 1474 3399 Ivo
1498 3365 1543 3399 26
1557 3377 1607 3409 sq.

345 3434 485 3469 Timon.
505 3435 530 3470 I.
1799 3452 1801 3454 -
1831 3445 1865 3468 w

2237 909 2349 941 Icom's

2183 956 2400 988 carnotensis

2201 1001 2391 1034 Decretum.
