2501 3615
999 147 1042 152 —
1090 125 1207 162 LXXI
1256 146 1298 153 -

176 227 328 273 prim-us.
392 227 432 263 In
467 227 576 263 Pauli
610 228 691 264 loco
716 229 748 270 4.
768 230 798 266 5.
818 230 848 269 7,
879 233 921 265 ut
956 230 1097 266 dictum
1128 234 1201 272 est,
1240 231 1354 268 codex
1389 231 1530 274 deficit;
1556 232 1705 279 paginis
1738 232 1969 272 inscribitur:
2007 237 2118 274 Pauli

182 286 269 321 liber
286 286 312 320 Ι
335 287 387 329 (et
412 285 463 320 sic
490 285 688 330 deinceps).
715 307 757 311 ——
784 287 1017 323 Soloecismis
1043 288 1176 323 librum
1203 292 1344 325 scatere
1364 289 1528 326 breviter
1545 291 1798 336 explicabitur
1814 293 1910 329 infra
1936 294 2116 341 incapite

181 354 288 378 nono.
329 363 367 368 -—
407 342 678 379 Addit-amenta.
714 355 735 379 a
767 344 949 380 Breviarii
986 346 1192 391 archetypo
1225 346 1348 382 aliena
1381 359 1424 382 ex
1451 347 1710 385 Theodosiano
1736 349 1797 385 hic
1824 351 1937 387 codex
1962 365 2033 388 non
2059 365 2116 389 ex-

182 399 287 436 hibet
313 403 471 445 excepta
496 412 571 435 una
598 401 864 437 constitutione
891 402 1051 437 omnium
1079 407 1266 448 postrema
1286 405 1336 445 16,
1355 405 1406 445 10,
1421 404 1452 447 3,
1479 405 1524 441 de
1549 417 1624 450 qua
1648 409 1782 452 agetur
1812 407 1849 442 in
1876 409 1999 455 capite
2018 412 2116 455 quod

182 457 362 503 sequitur.
391 478 432 483 —
459 458 614 503 Propria
640 462 694 494 est
721 459 808 494 huic
835 460 929 495 libro
948 461 1166 496 constitutio
1184 462 1282 507 regis
1301 461 1506 497 Gothorum
1522 463 1687 499 Theudis
1704 465 1836 501 emissa
1858 466 1981 502 'l'oleti
1999 480 2031 503 a.
2050 470 2116 503 54ss

180 515 275 551 Nov.
301 516 346 550 24
378 515 422 551 de
448 515 573 550 litium
603 517 789 562 expensis.
821 529 932 561 quam
972 518 1158 553 recensuit
1196 519 1354 554 Karolus
1393 520 1543 556 Zeumer
1581 525 1703 564 (neaes
1734 523 1868 558 Archiv
1893 525 1936 560 23
1969 537 2001 560 a.
2029 527 2116 561 1898

182 585 217 618 p.
231 573 274 607 77
289 574 380 617 seq.)
397 575 435 609 et
453 586 570 618 nuper
591 573 746 609 inseruit
763 574 918 611 editioni
938 575 1060 620 legun]
1075 575 1356 621 Visigothoruui
1375 578 1472 621 (Me.
1488 579 1589 624 leges
1607 579 1799 616 nationum
1814 581 2116 618 Germanicarum

181 630 304 667 sect.l
335 630 437 673 1903)
464 643 499 676 p.
519 632 597 666 467.
647 632 699 667 Ea
726 644 807 667 cum
834 633 881 667 ad
910 632 1206 668 Theodosianum
1234 633 1355 679 ipsum
1388 646 1457 669 non
1484 636 1687 681 pertineat,
1720 641 1914 683 praeterea
1939 639 1995 676 ita
2019 642 2115 676 male

184 687 318 723 habita
343 687 402 728 sit,
428 691 470 724 ut
495 689 615 724 multa
648 692 747 725 recte
780 689 947 735 expediri
980 693 1184 734 nequeant,
1218 691 1288 726 hoc
1315 691 1395 727 loco
1426 704 1499 727 non
1532 693 1708 738 repetivi;
1741 696 1878 732 sufficit
1910 697 2039 734 afferre
2065 698 2115 734 in-

180 745 432 791 scriptionem.
459 758 554 791 quae
579 747 673 783 haec
699 749 770 783 est:
806 748 933 782 Flaris
968 747 1126 782 Tkeudis
1157 759 1222 783 rea:
1250 750 1378 784 rectori
1404 777 1436 784 ..
1458 778 1491 785 ..
1519 754 1556 786 et
1582 752 1908 798 subscriptionem,
1941 767 2036 801 quae
2061 759 2117 791 est

179 803 289 839 haec:
326 803 398 839 dat.
433 805 498 838 sub
529 804 586 838 (lie
612 804 713 839 VIII
736 804 908 840 kalendas
942 805 1170 841 Decembrias
1201 818 1299 841 anno
1335 807 1414 841 XV
1448 809 1550 853 reyni
1580 809 1698 844 domni
1729 813 1842 846 nostri
1871 814 2116 857 yloriosissimi

183 861 327 896 Theudi
343 862 435 906 reyis
450 862 581 897 Toleto:
598 863 867 907 recoyvnovimus,
881 862 1042 906 denique
1057 875 1152 907 quae
1174 864 1217 899 de
1236 864 1429 900 scribenda
1449 866 1714 903 constitutione
1733 869 1800 903 sub
1820 869 1925 906 finem
1943 882 2005 906 rex
2024 872 2115 907 ordi-

179 922 262 954 nat:
294 919 388 954 hane
413 947 419 954 .
441 947 448 954 .
469 949 475 956 .
495 948 500 954 .
528 921 810 955 constitutionem
835 920 875 954 in
902 921 1143 955 Theodosiana?
1167 923 1321 966 corporis
1339 923 1426 957 libro
1443 928 1572 967 quarto
1596 926 1661 960 sub
1685 927 1786 961 titulo
1814 927 1917 962 XVI
1935 929 2012 973 (ubi
2033 942 2116 966 vere

178 977 364 1023 reperitur
389 981 473 1023 post
490 978 624 1020 4‚18‚·2
644 994 685 1007 =
704 978 804 1014 brev,
818 979 850 1012 4.
867 978 919 1019 16,
936 979 970 1022 2)
996 979 1169 1013 adiectam
1193 980 1358 1022 iubemus,
1384 984 1424 1015 at
1448 983 1608 1017 ominbus
1632 984 1716 1018 scire
1740 985 1841 1019 liceat
1865 997 1931 1030 qne
1950 998 2019 1031 pro
2043 999 2115 1022 om-

178 1035 282 1068 nium
307 1035 421 1070 salute
443 1035 579 1070 decreta
603 1040 701 1071 sunt.
727 1055 771 1061 —
797 1037 901 1071 Iussu
929 1037 1143 1073 academiae
1162 1038 1391 1073 Matritensis
1409 1051 1504 1083 quae
1531 1052 1574 1075 ex
1592 1041 1777 1077 breviario
1800 1048 1999 1089 supersunt·
2024 1046 2114 1082 folia

179 1091 385 1128 delineavit
403 1093 503 1129 Iesus
521 1093 653 1129 Mufiez
678 1093 995 1139 palaeographus,
1023 1094 1217 1130 ediderunt
1241 1095 1638 1142 photolithographice
1657 1099 1872 1136 Franciscus
1898 1114 1920 1137 a
1946 1103 2113 1139 Cardena

179 1152 217 1185 et
242 1149 383 1185 Fidelis
409 1149 494 1185 Fita
525 1150 633 1196 (legis
666 1151 855 1186 Romanae
881 1151 1178 1197 WVisigothorum
1210 1152 1421 1198 fragmenta
1454 1165 1497 1188 ex
1529 1155 1654 1191 codice
1688 1157 1932 1203 palimpsesto
1964 1164 2114 1197 sanctae

180 1206 421 1253 Legionensis
453 1208 632 1244 ecclesia-e
665 1208 842 1254 protulit,
876 1209 1083 1245 illustravit
1114 1222 1157 1245 ac
1190 1213 1339 1256 sumptu
1367 1212 1518 1256 publico
1544 1212 1662 1249 edidit
1692 1215 1795 1260 regia
1825 1216 2002 1254 historiae
2033 1230 2114 1254 aca-

180 1264 303 1300 demia
333 1265 513 1310 Hispana.
549 1265 696 1302 Matriti
732 1267 831 1302 1896.
850 1267 939 1311 fol.).
1004 1267 1125 1303 Codex
1157 1267 1236 1313 ipse
1269 1271 1311 1303 ut
1342 1269 1451 1303 huius
1489 1270 1664 1306 editionis
1700 1284 1812 1308 causa
1848 1276 2115 1312 retractaretur

181 1334 407 1367 quamquam
440 1323 584 1360 efficere
619 1335 691 1359 non
725 1324 932 1369 potuimus,
964 1325 1033 1360 hoc
1066 1328 1164 1361 certe
1197 1325 1304 1360 nobis
1337 1326 1530 1368 successit,
1563 1331 1605 1363 ut
1631 1329 1703 1364 loci
1728 1330 1879 1374 quidam
1906 1333 2067 1377 potiores
2093 1348 2113 1369 a,

179 1379 328 1417 Violeto
358 1383 484 1416 nostro
513 1381 591 1416 viro
622 1381 745 1427 perito
777 1382 895 1418 denuo
928 1383 1244 1426 examinarentur,
1280 1384 1376 1419 unde
1408 1384 1625 1430 collegimus
1656 1387 1974 1434 palaeographum
2008 1391 2112 1426 illum

178 1437 366 1474 hominem
391 1438 581 1474 oculatum
613 1438 682 1481 ibi,
716 1439 781 1474 ubi
814 1451 836 1474 a
866 1442 972 1475 textu
998 1440 1228 1476 Haeneliano
1254 1440 1428 1482 discedit,
1463 1441 1570 1476 fidem
1602 1455 1757 1486 merere,
1793 1457 1811 1479 e
1839 1448 2022 1484 contrario
2049 1450 2111 1484 ubi

179 1507 262 1531 cum
296 1507 339 1531 eo
372 1496 557 1532 consentit
589 1496 668 1532 iure
702 1496 746 1532 de
777 1496 939 1532 lectione
970 1509 1076 1542 posse
1109 1497 1286 1534 dubitari.
1335 1498 1524 1533 Eiusmodi
1557 1500 1680 1535 dubiis
1711 1502 1886 1538 obnoxios
1918 1505 2017 1541 locos
2048 1519 2112 1542 nos

178 1552 416 1588 distinximus
440 1553 570 1589 addito
601 1556 687 1599 post
713 1554 852 1589 codicis
882 1557 1009 1590 notam
1035 1555 1341 1601 interrogationis
1367 1556 1488 1601 signo,
1523 1559 1717 1602 praeterea
1751 1560 1951 1596 editionem
1982 1564 2111 1598 secuti.

177 1609 314 1646 Hiatus
337 1610 511 1653 minores,
538 1611 603 1656 qui
626 1623 693 1657 pro
718 1624 756 1648 re
782 1612 855 1647 rari
881 1616 1113 1658 comparent,
1146 1613 1210 1648 ubi
1241 1614 1412 1649 incidunt
1443 1614 1480 1648 in
1511 1615 1611 1650 locos
1641 1617 1850 1663 ambiguos,
1885 1619 2048 1655 codicem
2073 1622 2118 1656 H

178 1667 439 1703 adnotavimus
464 1668 629 1704 deficere.
678 1669 803 1714 Ipsum
831 1669 967 1704 librum
995 1669 1108 1711 infra,
1134 1669 1199 1705 ubi
1225 1670 1270 1705 de
1296 1670 1380 1705 crisi
1406 1672 1648 1715 tractabitur,
1675 1676 1908 1711 ostendemus
1934 1689 2003 1713 non
2032 1690 2112 1713 cou-

177 1725 416 1762 temnendum
441 1725 593 1770 quidem
623 1738 712 1768 esse,
738 1726 801 1762 sed
826 1738 1062 1772 nequaquam
1087 1727 1184 1763 inter
1210 1727 1387 1764 breviarii
1413 1728 1558 1764 codices
1584 1731 1801 1775 primarium
1827 1734 1948 1769 locum
1975 1737 2110 1771 tenere.

299 1834 491 1870 Parisinus
514 1835 623 1877 4404,
654 1835 761 1871 nobis
778 1835 820 1871 N
843 1836 1001 1880 (Haenel
1027 1838 1047 1873 9
1067 1852 1109 1866 =
1126 1838 1178 1881 4),
1206 1849 1299 1873 saec.
1321 1839 1369 1872 IX
1394 1839 1446 1883 (in
1473 1841 1658 1876 volumine
1683 1844 1846 1877 extremo
1871 1843 1893 1877 f.
1913 1844 1979 1879 232
2005 1845 2110 1881 adest
2160 1875 2172 1881 -
2188 1850 2199 1856 ’

183 1892 394 1938 capitulare
419 1904 452 1928 a.
466 1892 534 1927 803
552 1892 634 1928 MG.
654 1893 768 1939 capit.
786 1905 862 1940 reg.
880 1895 1007 1929 Franc.
1026 1896 1113 1930 tom.
1133 1896 1148 1930 1
1169 1908 1203 1940 p.
1222 1897 1282 1931 111
1311 1896 1489 1942 scriptum
1516 1910 1626 1934 manu
1653 1899 1780 1935 eadem
1806 1903 1918 1945 atque
1943 1902 2109 1949 reliqua),

183 1961 293 1995 quem
329 1949 496 1985 codicem
529 1949 568 1984 in
602 1950 684 1996 ipso
719 1951 892 1986 Baluzius
928 1952 1125 1988 adnotavit
1161 1953 1328 1989 delatum
1364 1966 1442 1990 csse
1479 1955 1517 1990 in
1553 1956 1824 1992 bibliothecam
1859 1959 2110 1996 Colbertinam

175 2010 212 2043 ‘e
240 2007 366 2044 Gallia
391 2007 641 2044 Narb0nensi'
665 2020 696 2044 a.
718 2009 817 2051 1682,
843 2010 1010 2046 continet
1035 2011 1261 2046 breviarium
1286 2011 1338 2047 sic
1366 2012 1603 2058 dispositum:

216 2079 245 2113 1.
272 2077 422 2113 Titulus
453 2080 510 2114 est
542 2078 646 2113 libelli
679 2089 722 2113 ex
751 2089 894 2124 corpore
925 2079 996 2115 diri
1023 2080 1261 2116 slleeoclosiani
1295 2081 1392 2125 (vide
1428 2095 1539 2128 supra
1573 2095 1607 2128 p.
1631 2084 1715 2128 XII)
1745 2085 1849 2119 XVI
1851 2112 1862 2129 ‚
1896 2087 2113 2121 novellarum

275 2136 469 2172 Theodosio
491 2137 635 2171 iuniore
656 2148 771 2171 ‘ii-nam
788 2138 884 2183 Any.
924 2138 1090 2183 Adpicta
1109 2141 1165 2175 est
1188 2139 1312 2185 imago
1330 2139 1565 2185 imperatoris
1582 2153 1728 2187 magna,
1754 2142 1860 2178 iuxta
1877 2155 1987 2187 quam
2013 2147 2114 2179 stant

271 2193 435 2230 intuenti
459 2195 507 2230 ad
532 2194 720 2231 sinistram
745 2195 885 2241 figurae
912 2196 1070 2231 minores
1095 2197 1201 2239 duae,
1228 2198 1275 2232 ad
1301 2198 1469 2233 dextram
1499 2199 1623 2235 tertia.
1673 2199 1832 2245 Figurae
1858 2201 1987 2236 maiori
2019 2202 2110 2236 nihil

271 2252 502 2298 adscriptum
527 2254 594 2295 est,
620 2253 685 2289 sed
709 2252 815 2288 tituli
834 2254 947 2289 verba
969 2254 1162 2289 Theodosio
1180 2256 1271 2300 Any.
1291 2255 1382 2290 item
1411 2257 1458 2291 ad
1476 2269 1558 2292 eam
1576 2257 1675 2292 trahi
1694 2260 1885 2302 poterunt3
1913 2258 2114 2294 minoribus

271 2309 416 2345 duabus
445 2310 494 2345 ad
523 2310 712 2346 sinistram
744 2311 975 2357 adscriptum
1003 2312 1283 2348 Valentinianus
1308 2314 1400 2359 Any.
1430 2317 1468 2350 et
1494 2315 1729 2359 Martianus;
1760 2316 1885 2351 deficit
1910 2317 2113 2362 adscriptio

271 2366 309 2401 in
333 2366 452 2413 figura
477 2367 641 2404 intuenti
672 2369 719 2404 ad
745 2369 926 2410 dextram,
965 2369 1163 2405 Maioriani
1190 2371 1359 2412 omnino;
1393 2383 1518 2407 omnes
1543 2375 1721 2417 quattuor
1746 2376 1873 2409 tenent
1898 2373 2024 2410 libros,
2075 2376 2111 2409 ln

272 2424 413 2470 pagina
437 2436 458 2460 e
482 2427 622 2472 regime
645 2425 853 2472 pinguntur
878 2426 956 2461 sine
982 2426 1087 2462 libris
1113 2427 1252 2473 figurae
1272 2431 1450 2473 quattuor
1475 2430 1674 2475 adscriptis
1699 2430 1890 2466 vocabulis
1907 2431 2053 2466 „Sti-erus
2070 2452 2112 2457 ——

271 2481 390 2517 Gaius
413 2502 458 2507 —
483 2482 627 2519 Paulus
651 2505 695 2509 -
720 2484 1041 2529 Hermoqenianas.

212 2539 245 2574 2.
271 2539 318 2574 In
344 2539 476 2575 Christi
503 2542 648 2576 nomine
678 2543 805 2586 incipit
837 2543 1030 2577 auctoritas
1056 2544 1195 2578 Alarici
1230 2555 1313 2588 recle.
1363 2545 1524 2581 Nomina
1561 2545 1723 2582 Goiarici
1755 2549 1793 2582 ct-
1824 2546 2010 2583 Timothci
2041 2560 2112 2583 non

277 2597 415 2633 adsunt
438 2597 478 2633 in
501 2599 572 2634 hoc
597 2599 802 2645 exemplari
828 2600 927 2643 (vide
953 2613 1065 2646 supra
1090 2614 1126 2646 p.
1144 2602 1331 2645 XXXIII).

213 2655 245 2690 3.
271 2656 406 2700 Incipit
430 2660 549 2691 textus
583 2657 751 2692 librowm
776 2659 897 2703 legum.
953 2659 999 2693 In
1030 2659 1091 2694 lzoc
1125 2659 1219 2694 dicta
1251 2660 1457 2695 condantur
1485 2662 1611 2696 summi
1642 2662 1833 2698 multorum
1856 2664 2018 2709 mystica:
2051 2665 2113 2698 ltoe

267 2723 396 2758 eorpus
411 2723 565 2758 sacrum,
582 2715 695 2759 lector,
713 2715 756 2750 in
773 2726 833 2751 ore
852 2719 915 2751 tuo
939 2716 1035 2760 quod
1060 2727 1157 2751 nunc
1181 2729 1202 2750 a
1220 2717 1338 2752 multis
1363 2721 1497 2752 constat
1523 2719 1631 2754 codix
1656 2720 1759 2754 istius
1783 2719 1958 2755 dictatus:
1981 2732 2024 2755 ecc
2038 2732 2111 2756 cor-

266 2780 356 2814 pore
383 2770 624 2807 Theodosiani
647 2773 754 2808 libelli
780 2773 897 2818 XVI;
927 2773 1165 2809 Theodosiani
1189 2775 1330 2809 iuniore
1355 2775 1575 2810 novellarum
1599 2788 1733 2821 unnim·
1758 2777 2000 2813 Valentiniani
2016 2781 2110 2824 Any.

275 2827 430 2872 libellus,·
451 2839 571 2874 nempe
587 2831 772 2865 Martiani
791 2831 1001 2866 BIaioriani
1018 2831 1136 2867 Severi
1159 2835 1190 2867 et
1210 2832 1297 2876 Gai,
1315 2833 1375 2867 ubi
1397 2844 1470 2867 non
1487 2837 1619 2868 sonunt
1637 2834 1718 2877 (sic)
1732 2835 1952 2879 interpretes;
1970 2837 2112 2871 Paulus

269 2886 528 2921 sententiarum
553 2887 660 2922 libelli
677 2888 859 2932 quinqua
883 2888 1105 2934 Greyoriani
1128 2894 1328 2925 consonant
1352 2891 1460 2924 simili
1486 2891 1589 2925 libelli
1613 2892 1790 2936 qainque5
1816 2892 2111 2937 Hemzoyem·m2i;

270 2942 432 2988 Papiam
454 2955 532 2979 eum
548 2946 728 2980 sententiis
752 2950 830 2981 tres.
871 2946 1097 2982 Postmodum
1121 2948 1161 2981 in
1185 2948 1250 2982 hoc
1274 2948 1448 2982 rolicmine
1469 2949 1622 2983 continet
1647 2950 1800 2993 scriptus
1820 2954 1951 2994 pactus
1972 2951 2111 2986 Salicae

270 3000 406 3035 libellus
428 3012 527 3036 unus
550 3013 614 3037 sea
637 3006 667 3037 et
693 3003 981 3038 Alamannorum
1005 3008 1035 3039 et
1062 3004 1322 3039 Ribuariorzcm
1348 3008 1379 3039 et
1410 3005 1545 3039 edictus
1568 3005 1775 3040 Cliildeberti
1798 3007 1891 3051 reyis
1913 3010 1944 3041 et
1969 3007 2112 3042 domino

269 3061 391 3093 nostro
417 3058 556 3095 Karolo
578 3060 793 3105 imperatore
818 3061 956 3096 edictus
979 3062 1055 3097 eius
1081 3066 1253 3096 extremus
1277 3063 1454 3097 scribitur.
1506 3063 1588 3097 Hos
1615 3064 1681 3107 leye
1705 3067 1754 3107 tu,
1781 3064 1901 3108 lector,
1925 3065 2011 3107 felioc
2034 3066 2110 3107 feli-

272 3115 360 3149 citer
382 3125 512 3152 omnes.
561 3117 614 3152 Et
638 3121 678 3152 tu
703 3118 766 3162 qui
791 3118 872 3163 leyis
896 3118 1084 3163 Pereqrini
1109 3120 1175 3154 mei
1198 3120 1238 3153 in
1263 3120 1363 3154 bonis
1386 3124 1565 3163 memento,
1592 3120 1837 3156 dilectissimae
1859 3122 1984 3164 frater.

210 3172 244 3207 4.
270 3170 346 3207 Sub
371 3173 620 3218 praescripto:
654 3174 694 3208 in
718 3175 860 3210 nomine
887 3175 1022 3210 domini
1046 3177 1160 3211 nostri
1186 3177 1267 3211 Iesu
1295 3176 1428 3211 Christi
1457 3177 1581 3220 incipit
1611 3178 1666 3211 lea,=
1689 3178 1936 3213 Romanorum
1965 3179 2058 3214 edita
2087 3192 2110 3214 a

273 3228 500 3276 Ilieodoszso]
525 3231 738 3275 imperatore
767 3242 828 3266 seu
859 3234 1013 3279 consulis
1045 3234 1120 3267 eius
1151 3233 1318 3278 sequitur
1349 3233 1459 3270 index
1494 3233 1743 3280 capitulorum
1776 3234 1950 3271 breviarii
1977 3238 2107 3278 totius;

271 3286 524 3332 subscriptum
539 3292 607 3332 εἴτῖ)
622 3289 789 3333 capitula.
831 3289 996 3337 Singulis
1013 3291 1169 3326 rubricis
1193 3291 1362 3328 adiectae
1387 3296 1471 3328 sunt
1495 3292 1776 3337 explanationes
1794 3292 1989 3329 titulorum
2008 3295 2107 3342 (vide

270 3343 370 3379 infra
394 3343 433 3379 in
458 3344 582 3390 capite
608 3348 767 3391 octavo).
