<?xml version="1.0" encoding="UTF-8"?>
<!DOCTYPE html PUBLIC "-//W3C//DTD XHTML 1.0 Transitional//EN"
    "http://www.w3.org/TR/xhtml1/DTD/xhtml1-transitional.dtd">
<html xmlns="http://www.w3.org/1999/xhtml" xml:lang="en" lang="en">
 <head>
  <title>
</title>
<meta http-equiv="Content-Type" content="text/html;charset=utf-8" />
  <meta name='ocr-system' content='tesseract 3.04.00' />
  <meta name='ocr-capabilities' content='ocr_page ocr_carea ocr_par ocr_line ocrx_word'/>
</head>
<body>
  <div class='ocr_page' id='page_1' title='image "./theodosianilibri00codeuoft_0099.png"; bbox 0 0 2501 3615; ppageno 0'>
   <div class='ocr_carea' id='block_1_1' title="bbox 275 838 1926 1004">
    <p class='ocr_par' dir='ltr' id='par_1_1' title="bbox 275 838 1926 1004">
     <span class='ocr_line' id='line_1_1' title="bbox 857 838 1345 881; baseline 0 0"><span class='ocrx_word' id='word_1_1' title='bbox 857 838 1053 881; x_wconf 80' lang='lat' dir='ltr'><strong>CAPVT</strong></span> <span class='ocrx_word' id='word_1_2' title='bbox 1086 839 1345 881; x_wconf 76' lang='lat' dir='ltr'><strong>SEXTVM.</strong></span> 
     </span>
     <span class='ocr_line' id='line_1_2' title="bbox 275 947 1926 1004; baseline 0.003 -5"><span class='ocrx_word' id='word_1_3' title='bbox 275 947 643 1000; x_wconf 82' lang='lat' dir='ltr'><strong>BREVIARH</strong></span> <span class='ocrx_word' id='word_1_4' title='bbox 687 947 1027 999; x_wconf 78' lang='lat' dir='ltr'><strong>EXEMPLA</strong></span> <span class='ocrx_word' id='word_1_5' title='bbox 1069 947 1425 1001; x_wconf 79' lang='lat' dir='ltr'><strong>BREVIATA</strong></span> <span class='ocrx_word' id='word_1_6' title='bbox 1468 949 1556 1001; x_wconf 91' lang='lat' dir='ltr'><strong>ET</strong></span> <span class='ocrx_word' id='word_1_7' title='bbox 1598 949 1926 1004; x_wconf 78' lang='lat' dir='ltr'><strong>INCERTA.</strong></span> 
     </span>
    </p>
   </div>
   <div class='ocr_carea' id='block_1_2' title="bbox 135 1077 2068 2792">
    <p class='ocr_par' dir='ltr' id='par_1_2' title="bbox 135 1077 2068 2792">
     <span class='ocr_line' id='line_1_3' title="bbox 253 1077 2067 1126; baseline 0.002 -12"><span class='ocrx_word' id='word_1_8' title='bbox 253 1078 517 1115; x_wconf 88' lang='lat' dir='ltr'><strong>Recensuimus</strong></span> <span class='ocrx_word' id='word_1_9' title='bbox 550 1079 672 1114; x_wconf 90' lang='lat' dir='ltr'><strong>adhuc</strong></span> <span class='ocrx_word' id='word_1_10' title='bbox 702 1077 886 1114; x_wconf 88' lang='lat' dir='ltr'><strong>Breviarii</strong></span> <span class='ocrx_word' id='word_1_11' title='bbox 921 1078 1066 1115; x_wconf 90' lang='lat' dir='ltr'><strong>codices</strong></span> <span class='ocrx_word' id='word_1_12' title='bbox 1100 1091 1177 1120; x_wconf 91' lang='lat' dir='ltr'><strong>eos,</strong></span> <span class='ocrx_word' id='word_1_13' title='bbox 1211 1079 1275 1124; x_wconf 88' lang='lat' dir='ltr'><strong>qui</strong></span> <span class='ocrx_word' id='word_1_14' title='bbox 1307 1082 1490 1125; x_wconf 85' lang='lat' dir='ltr'><strong>quatenus</strong></span> <span class='ocrx_word' id='word_1_15' title='bbox 1524 1081 1747 1126; x_wconf 87' lang='lat' dir='ltr'><strong>perveniunt</strong></span> <span class='ocrx_word' id='word_1_16' title='bbox 1782 1082 2067 1119; x_wconf 73' lang='lat' dir='ltr'><strong>constitutiones</strong></span> 
     </span>
     <span class='ocr_line' id='line_1_4' title="bbox 137 1135 2067 1185; baseline 0.002 -13"><span class='ocrx_word' id='word_1_17' title='bbox 137 1136 303 1183; x_wconf 87' lang='lat' dir='ltr'><strong>integras</strong></span> <span class='ocrx_word' id='word_1_18' title='bbox 330 1136 516 1172; x_wconf 73' lang='lat' dir='ltr'><strong>exhibent.</strong></span> <span class='ocrx_word' id='word_1_19' title='bbox 558 1135 716 1172; x_wconf 85' lang='lat' dir='ltr'><strong>Restant</strong></span> <span class='ocrx_word' id='word_1_20' title='bbox 738 1136 805 1171; x_wconf 87' lang='lat' dir='ltr'><strong>alii</strong></span> <span class='ocrx_word' id='word_1_21' title='bbox 830 1148 981 1172; x_wconf 90' lang='lat' dir='ltr'><strong>numero</strong></span> <span class='ocrx_word' id='word_1_22' title='bbox 1006 1136 1117 1183; x_wconf 87' lang='lat' dir='ltr'><strong>longe</strong></span> <span class='ocrx_word' id='word_1_23' title='bbox 1142 1137 1278 1182; x_wconf 87' lang='lat' dir='ltr'><strong>plures,</strong></span> <span class='ocrx_word' id='word_1_24' title='bbox 1304 1136 1369 1182; x_wconf 91' lang='lat' dir='ltr'><strong>qui</strong></span> <span class='ocrx_word' id='word_1_25' title='bbox 1395 1139 1461 1173; x_wconf 92' lang='lat' dir='ltr'><strong>aut</strong></span> <span class='ocrx_word' id='word_1_26' title='bbox 1486 1137 1576 1183; x_wconf 89' lang='lat' dir='ltr'><strong>ipsis</strong></span> <span class='ocrx_word' id='word_1_27' title='bbox 1602 1138 1749 1185; x_wconf 86' lang='lat' dir='ltr'><strong>legibus</strong></span> <span class='ocrx_word' id='word_1_28' title='bbox 1774 1139 1916 1175; x_wconf 87' lang='lat' dir='ltr'><strong>omissis</strong></span> <span class='ocrx_word' id='word_1_29' title='bbox 1941 1152 2067 1176; x_wconf 87' lang='lat' dir='ltr'><strong>earum</strong></span> 
     </span>
     <span class='ocr_line' id='line_1_5' title="bbox 137 1192 2067 1242; baseline 0.002 -13"><span class='ocrx_word' id='word_1_30' title='bbox 137 1193 485 1239; x_wconf 72' lang='lat' dir='ltr'><strong>interpretationem</strong></span> <span class='ocrx_word' id='word_1_31' title='bbox 514 1192 769 1229; x_wconf 87' lang='lat' dir='ltr'><strong>Alaricianam</strong></span> <span class='ocrx_word' id='word_1_32' title='bbox 801 1193 918 1229; x_wconf 89' lang='lat' dir='ltr'><strong>solam</strong></span> <span class='ocrx_word' id='word_1_33' title='bbox 949 1193 1112 1230; x_wconf 85' lang='lat' dir='ltr'><strong>retinent</strong></span> <span class='ocrx_word' id='word_1_34' title='bbox 1145 1194 1225 1237; x_wconf 89' lang='lat' dir='ltr'><strong>(hos</strong></span> <span class='ocrx_word' id='word_1_35' title='bbox 1258 1194 1470 1230; x_wconf 78' lang='lat' dir='ltr'><strong>decurtatos</strong></span> <span class='ocrx_word' id='word_1_36' title='bbox 1501 1196 1670 1241; x_wconf 88' lang='lat' dir='ltr'><strong>appello)</strong></span> <span class='ocrx_word' id='word_1_37' title='bbox 1697 1195 2004 1242; x_wconf 82' lang='lat' dir='ltr'><strong>inscriptionibus</strong></span> <span class='ocrx_word' id='word_1_38' title='bbox 2029 1200 2067 1232; x_wconf 83' lang='lat' dir='ltr'><strong>et</strong></span> 
     </span>
     <span class='ocr_line' id='line_1_6' title="bbox 137 1250 2067 1299; baseline 0.002 -13"><span class='ocrx_word' id='word_1_39' title='bbox 137 1250 474 1297; x_wconf 88' lang='lat' dir='ltr'><strong>subscriptionibus</strong></span> <span class='ocrx_word' id='word_1_40' title='bbox 490 1251 598 1287; x_wconf 90' lang='lat' dir='ltr'><strong>modo</strong></span> <span class='ocrx_word' id='word_1_41' title='bbox 621 1251 787 1293; x_wconf 74' lang='lat' dir='ltr'><strong>retentis,</strong></span> <span class='ocrx_word' id='word_1_42' title='bbox 813 1251 920 1287; x_wconf 92' lang='lat' dir='ltr'><strong>modo</strong></span> <span class='ocrx_word' id='word_1_43' title='bbox 946 1254 984 1287; x_wconf 91' lang='lat' dir='ltr'><strong>et</strong></span> <span class='ocrx_word' id='word_1_44' title='bbox 1009 1251 1100 1297; x_wconf 85' lang='lat' dir='ltr'><strong>ipsis</strong></span> <span class='ocrx_word' id='word_1_45' title='bbox 1125 1251 1279 1295; x_wconf 50' lang='lat' dir='ltr'><strong>omissis</strong></span> <span class='ocrx_word' id='word_1_46' title='bbox 1305 1254 1371 1288; x_wconf 89' lang='lat' dir='ltr'><strong>aut</strong></span> <span class='ocrx_word' id='word_1_47' title='bbox 1397 1252 1547 1299; x_wconf 83' lang='lat' dir='ltr'><strong>singula</strong></span> <span class='ocrx_word' id='word_1_48' title='bbox 1566 1252 1752 1288; x_wconf 88' lang='lat' dir='ltr'><strong>Breviarii</strong></span> <span class='ocrx_word' id='word_1_49' title='bbox 1771 1253 1899 1299; x_wconf 86' lang='lat' dir='ltr'><strong>capita</strong></span> <span class='ocrx_word' id='word_1_50' title='bbox 1922 1254 2067 1290; x_wconf 89' lang='lat' dir='ltr'><strong>omissis</strong></span> 
     </span>
     <span class='ocr_line' id='line_1_7' title="bbox 137 1308 2066 1358; baseline 0.002 -14"><span class='ocrx_word' id='word_1_51' title='bbox 137 1308 443 1354; x_wconf 85' lang='lat' dir='ltr'><strong>inscriptionibus</strong></span> <span class='ocrx_word' id='word_1_52' title='bbox 473 1312 511 1346; x_wconf 92' lang='lat' dir='ltr'><strong>et</strong></span> <span class='ocrx_word' id='word_1_53' title='bbox 544 1309 881 1355; x_wconf 87' lang='lat' dir='ltr'><strong>subscriptionibus</strong></span> <span class='ocrx_word' id='word_1_54' title='bbox 915 1309 963 1345; x_wconf 89' lang='lat' dir='ltr'><strong>ad</strong></span> <span class='ocrx_word' id='word_1_55' title='bbox 997 1310 1345 1356; x_wconf 79' lang='lat' dir='ltr'><strong>interpretationem</strong></span> <span class='ocrx_word' id='word_1_56' title='bbox 1381 1310 1501 1356; x_wconf 88' lang='lat' dir='ltr'><strong>magis</strong></span> <span class='ocrx_word' id='word_1_57' title='bbox 1534 1322 1646 1356; x_wconf 91' lang='lat' dir='ltr'><strong>quam</strong></span> <span class='ocrx_word' id='word_1_58' title='bbox 1680 1311 1728 1347; x_wconf 88' lang='lat' dir='ltr'><strong>ad</strong></span> <span class='ocrx_word' id='word_1_59' title='bbox 1761 1311 1862 1357; x_wconf 91' lang='lat' dir='ltr'><strong>ipsas</strong></span> <span class='ocrx_word' id='word_1_60' title='bbox 1895 1313 1996 1358; x_wconf 87' lang='lat' dir='ltr'><strong>leges</strong></span> <span class='ocrx_word' id='word_1_61' title='bbox 2029 1312 2066 1347; x_wconf 90' lang='lat' dir='ltr'><strong>in</strong></span> 
     </span>
     <span class='ocr_line' id='line_1_8' title="bbox 138 1366 2066 1415; baseline 0.003 -14"><span class='ocrx_word' id='word_1_62' title='bbox 138 1366 396 1412; x_wconf 87' lang='lat' dir='ltr'><strong>compendium</strong></span> <span class='ocrx_word' id='word_1_63' title='bbox 421 1366 596 1413; x_wconf 89' lang='lat' dir='ltr'><strong>redigunt</strong></span> <span class='ocrx_word' id='word_1_64' title='bbox 622 1367 675 1410; x_wconf 87' lang='lat' dir='ltr'><strong>(hi</strong></span> <span class='ocrx_word' id='word_1_65' title='bbox 700 1367 794 1402; x_wconf 91' lang='lat' dir='ltr'><strong>mihi</strong></span> <span class='ocrx_word' id='word_1_66' title='bbox 820 1367 993 1403; x_wconf 88' lang='lat' dir='ltr'><strong>dicuntur</strong></span> <span class='ocrx_word' id='word_1_67' title='bbox 1019 1367 1244 1413; x_wconf 89' lang='lat' dir='ltr'><strong>epitomati).</strong></span> <span class='ocrx_word' id='word_1_68' title='bbox 1294 1368 1488 1404; x_wconf 85' lang='lat' dir='ltr'><strong>Accedunt</strong></span> <span class='ocrx_word' id='word_1_69' title='bbox 1513 1369 1561 1404; x_wconf 88' lang='lat' dir='ltr'><strong>ad</strong></span> <span class='ocrx_word' id='word_1_70' title='bbox 1593 1369 1683 1405; x_wconf 91' lang='lat' dir='ltr'><strong>duos</strong></span> <span class='ocrx_word' id='word_1_71' title='bbox 1707 1369 1775 1404; x_wconf 91' lang='lat' dir='ltr'><strong>hos</strong></span> <span class='ocrx_word' id='word_1_72' title='bbox 1800 1369 1946 1406; x_wconf 88' lang='lat' dir='ltr'><strong>ordines</strong></span> <span class='ocrx_word' id='word_1_73' title='bbox 1971 1382 2066 1415; x_wconf 87' lang='lat' dir='ltr'><strong>quae</strong></span> 
     </span>
     <span class='ocr_line' id='line_1_9' title="bbox 137 1423 2068 1472; baseline 0.002 -13"><span class='ocrx_word' id='word_1_74' title='bbox 137 1423 294 1460; x_wconf 87' lang='lat' dir='ltr'><strong>dicenda</strong></span> <span class='ocrx_word' id='word_1_75' title='bbox 324 1426 411 1460; x_wconf 88' lang='lat' dir='ltr'><strong>sunt</strong></span> <span class='ocrx_word' id='word_1_76' title='bbox 443 1425 488 1460; x_wconf 91' lang='lat' dir='ltr'><strong>de</strong></span> <span class='ocrx_word' id='word_1_77' title='bbox 518 1424 723 1460; x_wconf 86' lang='lat' dir='ltr'><strong>minoribus</strong></span> <span class='ocrx_word' id='word_1_78' title='bbox 755 1424 974 1471; x_wconf 85' lang='lat' dir='ltr'><strong>fragmentis</strong></span> <span class='ocrx_word' id='word_1_79' title='bbox 1006 1427 1044 1461; x_wconf 90' lang='lat' dir='ltr'><strong>et</strong></span> <span class='ocrx_word' id='word_1_80' title='bbox 1076 1426 1120 1461; x_wconf 91' lang='lat' dir='ltr'><strong>de</strong></span> <span class='ocrx_word' id='word_1_81' title='bbox 1152 1425 1262 1460; x_wconf 89' lang='lat' dir='ltr'><strong>libris</strong></span> <span class='ocrx_word' id='word_1_82' title='bbox 1295 1425 1447 1462; x_wconf 86' lang='lat' dir='ltr'><strong>incertis</strong></span> <span class='ocrx_word' id='word_1_83' title='bbox 1479 1428 1517 1462; x_wconf 87' lang='lat' dir='ltr'><strong>et</strong></span> <span class='ocrx_word' id='word_1_84' title='bbox 1549 1426 1763 1472; x_wconf 87' lang='lat' dir='ltr'><strong>deperditis.</strong></span> <span class='ocrx_word' id='word_1_85' title='bbox 1812 1427 1914 1462; x_wconf 90' lang='lat' dir='ltr'><strong>Haec</strong></span> <span class='ocrx_word' id='word_1_86' title='bbox 1945 1427 2068 1463; x_wconf 88' lang='lat' dir='ltr'><strong>omnia</strong></span> 
     </span>
     <span class='ocr_line' id='line_1_10' title="bbox 137 1481 2066 1529; baseline 0.002 -13"><span class='ocrx_word' id='word_1_87' title='bbox 137 1492 364 1526; x_wconf 84' lang='lat' dir='ltr'><strong>quamquam</strong></span> <span class='ocrx_word' id='word_1_88' title='bbox 388 1482 436 1518; x_wconf 90' lang='lat' dir='ltr'><strong>ad</strong></span> <span class='ocrx_word' id='word_1_89' title='bbox 453 1481 687 1518; x_wconf 85' lang='lat' dir='ltr'><strong>Breviarium</strong></span> <span class='ocrx_word' id='word_1_90' title='bbox 710 1481 897 1529; x_wconf 84' lang='lat' dir='ltr'><strong>integrum</strong></span> <span class='ocrx_word' id='word_1_91' title='bbox 923 1482 1042 1529; x_wconf 87' lang='lat' dir='ltr'><strong>magis</strong></span> <span class='ocrx_word' id='word_1_92' title='bbox 1070 1483 1258 1529; x_wconf 87' lang='lat' dir='ltr'><strong>pertinent</strong></span> <span class='ocrx_word' id='word_1_93' title='bbox 1283 1495 1394 1528; x_wconf 87' lang='lat' dir='ltr'><strong>quam</strong></span> <span class='ocrx_word' id='word_1_94' title='bbox 1419 1483 1466 1518; x_wconf 88' lang='lat' dir='ltr'><strong>ad</strong></span> <span class='ocrx_word' id='word_1_95' title='bbox 1492 1485 1637 1529; x_wconf 85' lang='lat' dir='ltr'><strong>partem</strong></span> <span class='ocrx_word' id='word_1_96' title='bbox 1663 1484 1741 1520; x_wconf 91' lang='lat' dir='ltr'><strong>eius</strong></span> <span class='ocrx_word' id='word_1_97' title='bbox 1759 1485 2066 1527; x_wconf 88' lang='lat' dir='ltr'><strong>Theodosianam,</strong></span> 
     </span>
     <span class='ocr_line' id='line_1_11' title="bbox 136 1537 2066 1586; baseline 0.002 -12"><span class='ocrx_word' id='word_1_98' title='bbox 136 1537 377 1575; x_wconf 89' lang='lat' dir='ltr'><strong>nihilominus</strong></span> <span class='ocrx_word' id='word_1_99' title='bbox 402 1539 440 1575; x_wconf 91' lang='lat' dir='ltr'><strong>in</strong></span> <span class='ocrx_word' id='word_1_100' title='bbox 466 1539 717 1575; x_wconf 86' lang='lat' dir='ltr'><strong>Theodosiani</strong></span> <span class='ocrx_word' id='word_1_101' title='bbox 742 1552 889 1585; x_wconf 83' lang='lat' dir='ltr'><strong>quoque</strong></span> <span class='ocrx_word' id='word_1_102' title='bbox 915 1540 1078 1576; x_wconf 88' lang='lat' dir='ltr'><strong>editione</strong></span> <span class='ocrx_word' id='word_1_103' title='bbox 1105 1541 1218 1586; x_wconf 88' lang='lat' dir='ltr'><strong>plena</strong></span> <span class='ocrx_word' id='word_1_104' title='bbox 1243 1541 1369 1576; x_wconf 89' lang='lat' dir='ltr'><strong>omitti</strong></span> <span class='ocrx_word' id='word_1_105' title='bbox 1394 1553 1468 1577; x_wconf 89' lang='lat' dir='ltr'><strong>non</strong></span> <span class='ocrx_word' id='word_1_106' title='bbox 1496 1541 1712 1585; x_wconf 90' lang='lat' dir='ltr'><strong>debuerunt,</strong></span> <span class='ocrx_word' id='word_1_107' title='bbox 1744 1554 1826 1577; x_wconf 88' lang='lat' dir='ltr'><strong>cum</strong></span> <span class='ocrx_word' id='word_1_108' title='bbox 1851 1541 1993 1577; x_wconf 82' lang='lat' dir='ltr'><strong>faciant</strong></span> <span class='ocrx_word' id='word_1_109' title='bbox 2019 1543 2066 1578; x_wconf 87' lang='lat' dir='ltr'><strong>ad</strong></span> 
     </span>
     <span class='ocr_line' id='line_1_12' title="bbox 137 1594 2066 1643; baseline 0.003 -13"><span class='ocrx_word' id='word_1_110' title='bbox 137 1594 216 1631; x_wconf 89' lang='lat' dir='ltr'><strong>eius</strong></span> <span class='ocrx_word' id='word_1_111' title='bbox 247 1608 314 1642; x_wconf 91' lang='lat' dir='ltr'><strong>per</strong></span> <span class='ocrx_word' id='word_1_112' title='bbox 339 1597 489 1633; x_wconf 89' lang='lat' dir='ltr'><strong>saecula</strong></span> <span class='ocrx_word' id='word_1_113' title='bbox 515 1597 721 1643; x_wconf 83' lang='lat' dir='ltr'><strong>posteriora</strong></span> <span class='ocrx_word' id='word_1_114' title='bbox 748 1598 846 1634; x_wconf 86' lang='lat' dir='ltr'><strong>vices</strong></span> <span class='ocrx_word' id='word_1_115' title='bbox 877 1610 1057 1643; x_wconf 88' lang='lat' dir='ltr'><strong>usumque</strong></span> <span class='ocrx_word' id='word_1_116' title='bbox 1087 1598 1267 1635; x_wconf 87' lang='lat' dir='ltr'><strong>forensem</strong></span> <span class='ocrx_word' id='word_1_117' title='bbox 1301 1598 1631 1634; x_wconf 89' lang='lat' dir='ltr'><strong>determinandum.</strong></span> <span class='ocrx_word' id='word_1_118' title='bbox 1681 1599 1752 1635; x_wconf 89' lang='lat' dir='ltr'><strong>Sed</strong></span> <span class='ocrx_word' id='word_1_119' title='bbox 1783 1611 1827 1636; x_wconf 84' lang='lat' dir='ltr'><strong>ex</strong></span> <span class='ocrx_word' id='word_1_120' title='bbox 1861 1599 2066 1636; x_wconf 81' lang='lat' dir='ltr'><strong>decurtatis</strong></span> 
     </span>
     <span class='ocr_line' id='line_1_13' title="bbox 138 1653 2067 1702; baseline 0.002 -13"><span class='ocrx_word' id='word_1_121' title='bbox 138 1665 202 1689; x_wconf 90' lang='lat' dir='ltr'><strong>cur</strong></span> <span class='ocrx_word' id='word_1_122' title='bbox 225 1653 297 1695; x_wconf 88' lang='lat' dir='ltr'><strong>ita,</strong></span> <span class='ocrx_word' id='word_1_123' title='bbox 323 1658 366 1691; x_wconf 91' lang='lat' dir='ltr'><strong>ut</strong></span> <span class='ocrx_word' id='word_1_124' title='bbox 390 1654 481 1691; x_wconf 89' lang='lat' dir='ltr'><strong>fecit</strong></span> <span class='ocrx_word' id='word_1_125' title='bbox 506 1655 724 1697; x_wconf 91' lang='lat' dir='ltr'><strong>Haenelius,</strong></span> <span class='ocrx_word' id='word_1_126' title='bbox 750 1656 798 1691; x_wconf 89' lang='lat' dir='ltr'><strong>ad</strong></span> <span class='ocrx_word' id='word_1_127' title='bbox 823 1655 972 1702; x_wconf 83' lang='lat' dir='ltr'><strong>singula</strong></span> <span class='ocrx_word' id='word_1_128' title='bbox 998 1655 1126 1702; x_wconf 90' lang='lat' dir='ltr'><strong>capita</strong></span> <span class='ocrx_word' id='word_1_129' title='bbox 1152 1656 1361 1698; x_wconf 83' lang='lat' dir='ltr'><strong>adnotetur,</strong></span> <span class='ocrx_word' id='word_1_130' title='bbox 1389 1656 1470 1702; x_wconf 84' lang='lat' dir='ltr'><strong>quis</strong></span> <span class='ocrx_word' id='word_1_131' title='bbox 1497 1657 1611 1693; x_wconf 84' lang='lat' dir='ltr'><strong>codex</strong></span> <span class='ocrx_word' id='word_1_132' title='bbox 1637 1656 1727 1702; x_wconf 88' lang='lat' dir='ltr'><strong>quid</strong></span> <span class='ocrx_word' id='word_1_133' title='bbox 1751 1656 1926 1699; x_wconf 86' lang='lat' dir='ltr'><strong>omiserit,</strong></span> <span class='ocrx_word' id='word_1_134' title='bbox 1954 1669 2067 1693; x_wconf 90' lang='lat' dir='ltr'><strong>causa</strong></span> 
     </span>
     <span class='ocr_line' id='line_1_14' title="bbox 137 1711 2065 1760; baseline 0.002 -14"><span class='ocrx_word' id='word_1_135' title='bbox 137 1711 243 1747; x_wconf 88' lang='lat' dir='ltr'><strong>nulla</strong></span> <span class='ocrx_word' id='word_1_136' title='bbox 268 1715 334 1748; x_wconf 89' lang='lat' dir='ltr'><strong>est.</strong></span> <span class='ocrx_word' id='word_1_137' title='bbox 384 1711 582 1758; x_wconf 89' lang='lat' dir='ltr'><strong>Epitomae</strong></span> <span class='ocrx_word' id='word_1_138' title='bbox 617 1715 758 1755; x_wconf 89' lang='lat' dir='ltr'><strong>autem,</strong></span> <span class='ocrx_word' id='word_1_139' title='bbox 791 1725 884 1758; x_wconf 91' lang='lat' dir='ltr'><strong>quas</strong></span> <span class='ocrx_word' id='word_1_140' title='bbox 910 1713 1024 1749; x_wconf 86' lang='lat' dir='ltr'><strong>editio</strong></span> <span class='ocrx_word' id='word_1_141' title='bbox 1051 1713 1300 1750; x_wconf 89' lang='lat' dir='ltr'><strong>Theodosiani</strong></span> <span class='ocrx_word' id='word_1_142' title='bbox 1325 1713 1465 1760; x_wconf 87' lang='lat' dir='ltr'><strong>integri</strong></span> <span class='ocrx_word' id='word_1_143' title='bbox 1494 1716 1595 1750; x_wconf 90' lang='lat' dir='ltr'><strong>recte</strong></span> <span class='ocrx_word' id='word_1_144' title='bbox 1619 1717 1899 1760; x_wconf 86' lang='lat' dir='ltr'><strong>repraesentare</strong></span> <span class='ocrx_word' id='word_1_145' title='bbox 1924 1714 2065 1759; x_wconf 86' lang='lat' dir='ltr'><strong>nequit,</strong></span> 
     </span>
     <span class='ocr_line' id='line_1_15' title="bbox 137 1768 2065 1818; baseline 0.002 -14"><span class='ocrx_word' id='word_1_146' title='bbox 137 1768 169 1804; x_wconf 86' lang='lat' dir='ltr'><strong>si</strong></span> <span class='ocrx_word' id='word_1_147' title='bbox 185 1781 298 1814; x_wconf 88' lang='lat' dir='ltr'><strong>quam</strong></span> <span class='ocrx_word' id='word_1_148' title='bbox 315 1769 523 1806; x_wconf 81' lang='lat' dir='ltr'><strong>utilitatem</strong></span> <span class='ocrx_word' id='word_1_149' title='bbox 540 1770 677 1806; x_wconf 90' lang='lat' dir='ltr'><strong>habere</strong></span> <span class='ocrx_word' id='word_1_150' title='bbox 695 1772 882 1816; x_wconf 88' lang='lat' dir='ltr'><strong>poterunt,</strong></span> <span class='ocrx_word' id='word_1_151' title='bbox 909 1770 943 1807; x_wconf 92' lang='lat' dir='ltr'><strong>ei</strong></span> <span class='ocrx_word' id='word_1_152' title='bbox 961 1770 1143 1807; x_wconf 88' lang='lat' dir='ltr'><strong>desiderio</strong></span> <span class='ocrx_word' id='word_1_153' title='bbox 1168 1770 1353 1806; x_wconf 80' lang='lat' dir='ltr'><strong>satisfecit</strong></span> <span class='ocrx_word' id='word_1_154' title='bbox 1371 1771 1573 1808; x_wconf 86' lang='lat' dir='ltr'><strong>Haenelius</strong></span> <span class='ocrx_word' id='word_1_155' title='bbox 1590 1771 1777 1807; x_wconf 86' lang='lat' dir='ltr'><strong>breviario</strong></span> <span class='ocrx_word' id='word_1_156' title='bbox 1802 1771 1902 1808; x_wconf 88' lang='lat' dir='ltr'><strong>edito</strong></span> <span class='ocrx_word' id='word_1_157' title='bbox 1920 1771 2065 1818; x_wconf 88' lang='lat' dir='ltr'><strong>integro</strong></span> 
     </span>
     <span class='ocr_line' id='line_1_16' title="bbox 138 1826 2065 1875; baseline 0.002 -14"><span class='ocrx_word' id='word_1_158' title='bbox 138 1838 222 1861; x_wconf 90' lang='lat' dir='ltr'><strong>cum</strong></span> <span class='ocrx_word' id='word_1_159' title='bbox 252 1826 427 1872; x_wconf 86' lang='lat' dir='ltr'><strong>epitomis</strong></span> <span class='ocrx_word' id='word_1_160' title='bbox 452 1827 622 1863; x_wconf 88' lang='lat' dir='ltr'><strong>omnibus</strong></span> <span class='ocrx_word' id='word_1_161' title='bbox 647 1827 814 1864; x_wconf 89' lang='lat' dir='ltr'><strong>adiectis.</strong></span> <span class='ocrx_word' id='word_1_162' title='bbox 864 1827 1005 1869; x_wconf 85' lang='lat' dir='ltr'><strong>Quibus</strong></span> <span class='ocrx_word' id='word_1_163' title='bbox 1030 1827 1272 1864; x_wconf 83' lang='lat' dir='ltr'><strong>consideratis</strong></span> <span class='ocrx_word' id='word_1_164' title='bbox 1303 1828 1341 1862; x_wconf 88' lang='lat' dir='ltr'><strong>in</strong></span> <span class='ocrx_word' id='word_1_165' title='bbox 1373 1828 1444 1864; x_wconf 93' lang='lat' dir='ltr'><strong>hoc</strong></span> <span class='ocrx_word' id='word_1_166' title='bbox 1471 1828 1596 1874; x_wconf 90' lang='lat' dir='ltr'><strong>capite</strong></span> <span class='ocrx_word' id='word_1_167' title='bbox 1622 1828 1803 1865; x_wconf 86' lang='lat' dir='ltr'><strong>brevitati</strong></span> <span class='ocrx_word' id='word_1_168' title='bbox 1829 1828 2065 1875; x_wconf 89' lang='lat' dir='ltr'><strong>potissimum</strong></span> 
     </span>
     <span class='ocr_line' id='line_1_17' title="bbox 137 1883 2066 1930; baseline 0.002 -12"><span class='ocrx_word' id='word_1_169' title='bbox 137 1883 263 1919; x_wconf 88' lang='lat' dir='ltr'><strong>studui</strong></span> <span class='ocrx_word' id='word_1_170' title='bbox 295 1884 489 1921; x_wconf 88' lang='lat' dir='ltr'><strong>remittens</strong></span> <span class='ocrx_word' id='word_1_171' title='bbox 519 1884 564 1920; x_wconf 91' lang='lat' dir='ltr'><strong>de</strong></span> <span class='ocrx_word' id='word_1_172' title='bbox 595 1884 784 1930; x_wconf 85' lang='lat' dir='ltr'><strong>plerisque</strong></span> <span class='ocrx_word' id='word_1_173' title='bbox 813 1885 919 1920; x_wconf 88' lang='lat' dir='ltr'><strong>libris</strong></span> <span class='ocrx_word' id='word_1_174' title='bbox 951 1885 997 1920; x_wconf 85' lang='lat' dir='ltr'><strong>ad</strong></span> <span class='ocrx_word' id='word_1_175' title='bbox 1023 1885 1265 1921; x_wconf 88' lang='lat' dir='ltr'><strong>Haeneliana.</strong></span> <span class='ocrx_word' id='word_1_176' title='bbox 1315 1885 1468 1921; x_wconf 85' lang='lat' dir='ltr'><strong>Scilicet</strong></span> <span class='ocrx_word' id='word_1_177' title='bbox 1500 1886 1613 1922; x_wconf 87' lang='lat' dir='ltr'><strong>verba</strong></span> <span class='ocrx_word' id='word_1_178' title='bbox 1646 1886 1957 1922; x_wconf 89' lang='lat' dir='ltr'><strong>constitutionum</strong></span> <span class='ocrx_word' id='word_1_179' title='bbox 1982 1899 2066 1922; x_wconf 90' lang='lat' dir='ltr'><strong>cum</strong></span> 
     </span>
     <span class='ocr_line' id='line_1_18' title="bbox 137 1940 2066 1990; baseline 0.001 -14"><span class='ocrx_word' id='word_1_180' title='bbox 137 1940 263 1977; x_wconf 86' lang='lat' dir='ltr'><strong>absint</strong></span> <span class='ocrx_word' id='word_1_181' title='bbox 293 1944 372 1977; x_wconf 87' lang='lat' dir='ltr'><strong>tam</strong></span> <span class='ocrx_word' id='word_1_182' title='bbox 403 1954 425 1978; x_wconf 88' lang='lat' dir='ltr'><strong>a</strong></span> <span class='ocrx_word' id='word_1_183' title='bbox 449 1942 655 1979; x_wconf 81' lang='lat' dir='ltr'><strong>decurtatis</strong></span> <span class='ocrx_word' id='word_1_184' title='bbox 687 1955 799 1987; x_wconf 89' lang='lat' dir='ltr'><strong>quam</strong></span> <span class='ocrx_word' id='word_1_185' title='bbox 831 1943 878 1978; x_wconf 85' lang='lat' dir='ltr'><strong>ab</strong></span> <span class='ocrx_word' id='word_1_186' title='bbox 909 1942 1144 1989; x_wconf 88' lang='lat' dir='ltr'><strong>epitomatis‚</strong></span> <span class='ocrx_word' id='word_1_187' title='bbox 1177 1942 1443 1989; x_wconf 84' lang='lat' dir='ltr'><strong>interpretatio</strong></span> <span class='ocrx_word' id='word_1_188' title='bbox 1476 1946 1602 1979; x_wconf 88' lang='lat' dir='ltr'><strong>autem</strong></span> <span class='ocrx_word' id='word_1_189' title='bbox 1618 1943 1858 1990; x_wconf 85' lang='lat' dir='ltr'><strong>Visigothica</strong></span> <span class='ocrx_word' id='word_1_190' title='bbox 1889 1943 1928 1978; x_wconf 89' lang='lat' dir='ltr'><strong>in</strong></span> <span class='ocrx_word' id='word_1_191' title='bbox 1960 1943 2066 1979; x_wconf 86' lang='lat' dir='ltr'><strong>libris</strong></span> 
     </span>
     <span class='ocr_line' id='line_1_19' title="bbox 137 1998 2065 2044; baseline 0.002 -11"><span class='ocrx_word' id='word_1_192' title='bbox 137 1998 258 2044; x_wconf 89' lang='lat' dir='ltr'><strong>plenis</strong></span> <span class='ocrx_word' id='word_1_193' title='bbox 283 1999 504 2035; x_wconf 78' lang='lat' dir='ltr'><strong>exhibeatur</strong></span> <span class='ocrx_word' id='word_1_194' title='bbox 526 2003 628 2036; x_wconf 90' lang='lat' dir='ltr'><strong>recte</strong></span> <span class='ocrx_word' id='word_1_195' title='bbox 652 2000 795 2036; x_wconf 89' lang='lat' dir='ltr'><strong>tradita</strong></span> <span class='ocrx_word' id='word_1_196' title='bbox 820 2003 858 2036; x_wconf 88' lang='lat' dir='ltr'><strong>et</strong></span> <span class='ocrx_word' id='word_1_197' title='bbox 882 2012 964 2036; x_wconf 91' lang='lat' dir='ltr'><strong>raro</strong></span> <span class='ocrx_word' id='word_1_198' title='bbox 983 2000 1212 2036; x_wconf 86' lang='lat' dir='ltr'><strong>dubitationi</strong></span> <span class='ocrx_word' id='word_1_199' title='bbox 1230 2000 1400 2042; x_wconf 77' lang='lat' dir='ltr'><strong>obnoxia,</strong></span> <span class='ocrx_word' id='word_1_200' title='bbox 1427 2001 1558 2036; x_wconf 90' lang='lat' dir='ltr'><strong>horum</strong></span> <span class='ocrx_word' id='word_1_201' title='bbox 1582 2001 1762 2037; x_wconf 88' lang='lat' dir='ltr'><strong>librorum</strong></span> <span class='ocrx_word' id='word_1_202' title='bbox 1780 2000 1929 2037; x_wconf 89' lang='lat' dir='ltr'><strong>utilitas</strong></span> <span class='ocrx_word' id='word_1_203' title='bbox 1949 2001 2065 2036; x_wconf 90' lang='lat' dir='ltr'><strong>Theo-</strong></span> 
     </span>
     <span class='ocr_line' id='line_1_20' title="bbox 138 2056 2067 2104; baseline 0.001 -12"><span class='ocrx_word' id='word_1_204' title='bbox 138 2056 332 2092; x_wconf 89' lang='lat' dir='ltr'><strong>dosianum</strong></span> <span class='ocrx_word' id='word_1_205' title='bbox 349 2058 556 2094; x_wconf 87' lang='lat' dir='ltr'><strong>recensenti</strong></span> <span class='ocrx_word' id='word_1_206' title='bbox 579 2058 762 2104; x_wconf 84' lang='lat' dir='ltr'><strong>redigitur</strong></span> <span class='ocrx_word' id='word_1_207' title='bbox 779 2059 854 2094; x_wconf 87' lang='lat' dir='ltr'><strong>fere</strong></span> <span class='ocrx_word' id='word_1_208' title='bbox 871 2059 919 2094; x_wconf 88' lang='lat' dir='ltr'><strong>ad</strong></span> <span class='ocrx_word' id='word_1_209' title='bbox 936 2058 1197 2104; x_wconf 85' lang='lat' dir='ltr'><strong>inscriptiones</strong></span> <span class='ocrx_word' id='word_1_210' title='bbox 1220 2061 1258 2094; x_wconf 92' lang='lat' dir='ltr'><strong>et</strong></span> <span class='ocrx_word' id='word_1_211' title='bbox 1280 2058 1581 2104; x_wconf 87' lang='lat' dir='ltr'><strong>subscriptiones,</strong></span> <span class='ocrx_word' id='word_1_212' title='bbox 1608 2060 1646 2094; x_wconf 90' lang='lat' dir='ltr'><strong>et</strong></span> <span class='ocrx_word' id='word_1_213' title='bbox 1664 2070 1748 2095; x_wconf 91' lang='lat' dir='ltr'><strong>vere</strong></span> <span class='ocrx_word' id='word_1_214' title='bbox 1773 2061 1829 2094; x_wconf 87' lang='lat' dir='ltr'><strong>est</strong></span> <span class='ocrx_word' id='word_1_215' title='bbox 1853 2071 1946 2094; x_wconf 90' lang='lat' dir='ltr'><strong>unus</strong></span> <span class='ocrx_word' id='word_1_216' title='bbox 1969 2058 2067 2095; x_wconf 90' lang='lat' dir='ltr'><strong>inter</strong></span> 
     </span>
     <span class='ocr_line' id='line_1_21' title="bbox 138 2114 2066 2161; baseline 0.002 -13"><span class='ocrx_word' id='word_1_217' title='bbox 138 2114 354 2151; x_wconf 82' lang='lat' dir='ltr'><strong>decurtatos</strong></span> <span class='ocrx_word' id='word_1_218' title='bbox 379 2114 626 2152; x_wconf 88' lang='lat' dir='ltr'><strong>Berolinensis</strong></span> <span class='ocrx_word' id='word_1_219' title='bbox 652 2116 917 2161; x_wconf 85' lang='lat' dir='ltr'><strong>Savignianus‚</strong></span> <span class='ocrx_word' id='word_1_220' title='bbox 949 2129 1038 2161; x_wconf 86' lang='lat' dir='ltr'><strong>quo,</strong></span> <span class='ocrx_word' id='word_1_221' title='bbox 1069 2116 1168 2152; x_wconf 87' lang='lat' dir='ltr'><strong>sicut</strong></span> <span class='ocrx_word' id='word_1_222' title='bbox 1191 2128 1276 2152; x_wconf 83' lang='lat' dir='ltr'><strong>mox</strong></span> <span class='ocrx_word' id='word_1_223' title='bbox 1302 2116 1461 2158; x_wconf 87' lang='lat' dir='ltr'><strong>dicetur,</strong></span> <span class='ocrx_word' id='word_1_224' title='bbox 1494 2117 1550 2152; x_wconf 88' lang='lat' dir='ltr'><strong>usi</strong></span> <span class='ocrx_word' id='word_1_225' title='bbox 1576 2129 1701 2152; x_wconf 89' lang='lat' dir='ltr'><strong>sumus</strong></span> <span class='ocrx_word' id='word_1_226' title='bbox 1730 2128 1803 2152; x_wconf 91' lang='lat' dir='ltr'><strong>non</strong></span> <span class='ocrx_word' id='word_1_227' title='bbox 1836 2116 1914 2153; x_wconf 88' lang='lat' dir='ltr'><strong>sine</strong></span> <span class='ocrx_word' id='word_1_228' title='bbox 1940 2116 2066 2161; x_wconf 87' lang='lat' dir='ltr'><strong>aliquo</strong></span> 
     </span>
     <span class='ocr_line' id='line_1_22' title="bbox 136 2172 2067 2220; baseline 0.001 -14"><span class='ocrx_word' id='word_1_229' title='bbox 136 2172 270 2207; x_wconf 70' lang='lat' dir='ltr'><strong>fluctu.</strong></span> <span class='ocrx_word' id='word_1_230' title='bbox 308 2172 378 2208; x_wconf 89' lang='lat' dir='ltr'><strong>Sed</strong></span> <span class='ocrx_word' id='word_1_231' title='bbox 403 2172 441 2208; x_wconf 92' lang='lat' dir='ltr'><strong>in</strong></span> <span class='ocrx_word' id='word_1_232' title='bbox 465 2185 508 2209; x_wconf 91' lang='lat' dir='ltr'><strong>eo</strong></span> <span class='ocrx_word' id='word_1_233' title='bbox 532 2173 606 2209; x_wconf 86' lang='lat' dir='ltr'><strong>fere</strong></span> <span class='ocrx_word' id='word_1_234' title='bbox 631 2173 795 2210; x_wconf 88' lang='lat' dir='ltr'><strong>substiti.</strong></span> <span class='ocrx_word' id='word_1_235' title='bbox 833 2174 1028 2210; x_wconf 86' lang='lat' dir='ltr'><strong>Decurtati</strong></span> <span class='ocrx_word' id='word_1_236' title='bbox 1047 2187 1130 2209; x_wconf 90' lang='lat' dir='ltr'><strong>cum</strong></span> <span class='ocrx_word' id='word_1_237' title='bbox 1148 2174 1373 2210; x_wconf 87' lang='lat' dir='ltr'><strong>descendant</strong></span> <span class='ocrx_word' id='word_1_238' title='bbox 1395 2185 1631 2220; x_wconf 85' lang='lat' dir='ltr'><strong>nequaquam</strong></span> <span class='ocrx_word' id='word_1_239' title='bbox 1654 2185 1698 2209; x_wconf 85' lang='lat' dir='ltr'><strong>ex</strong></span> <span class='ocrx_word' id='word_1_240' title='bbox 1715 2173 1919 2220; x_wconf 82' lang='lat' dir='ltr'><strong>exemplari</strong></span> <span class='ocrx_word' id='word_1_241' title='bbox 1938 2174 2067 2210; x_wconf 88' lang='lat' dir='ltr'><strong>eodem</strong></span> 
     </span>
     <span class='ocr_line' id='line_1_23' title="bbox 137 2229 2066 2277; baseline 0.001 -13"><span class='ocrx_word' id='word_1_242' title='bbox 137 2241 272 2271; x_wconf 89' lang='lat' dir='ltr'><strong>omnes,</strong></span> <span class='ocrx_word' id='word_1_243' title='bbox 297 2229 410 2266; x_wconf 86' lang='lat' dir='ltr'><strong>immo</strong></span> <span class='ocrx_word' id='word_1_244' title='bbox 436 2231 483 2266; x_wconf 90' lang='lat' dir='ltr'><strong>ad</strong></span> <span class='ocrx_word' id='word_1_245' title='bbox 508 2231 716 2277; x_wconf 84' lang='lat' dir='ltr'><strong>archetypa</strong></span> <span class='ocrx_word' id='word_1_246' title='bbox 740 2231 896 2267; x_wconf 87' lang='lat' dir='ltr'><strong>redeant</strong></span> <span class='ocrx_word' id='word_1_247' title='bbox 915 2231 1072 2273; x_wconf 89' lang='lat' dir='ltr'><strong>diversa,</strong></span> <span class='ocrx_word' id='word_1_248' title='bbox 1098 2232 1169 2267; x_wconf 91' lang='lat' dir='ltr'><strong>hoc</strong></span> <span class='ocrx_word' id='word_1_249' title='bbox 1189 2231 1336 2267; x_wconf 89' lang='lat' dir='ltr'><strong>videtur</strong></span> <span class='ocrx_word' id='word_1_250' title='bbox 1352 2233 1452 2268; x_wconf 90' lang='lat' dir='ltr'><strong>recte</strong></span> <span class='ocrx_word' id='word_1_251' title='bbox 1479 2231 1608 2277; x_wconf 87' lang='lat' dir='ltr'><strong>colligi</strong></span> <span class='ocrx_word' id='word_1_252' title='bbox 1633 2243 1739 2277; x_wconf 88' lang='lat' dir='ltr'><strong>posse</strong></span> <span class='ocrx_word' id='word_1_253' title='bbox 1765 2243 1809 2268; x_wconf 84' lang='lat' dir='ltr'><strong>ex</strong></span> <span class='ocrx_word' id='word_1_254' title='bbox 1827 2231 2066 2267; x_wconf 87' lang='lat' dir='ltr'><strong>collectaneis</strong></span> 
     </span>
     <span class='ocr_line' id='line_1_24' title="bbox 138 2286 2067 2335; baseline 0.001 -14"><span class='ocrx_word' id='word_1_255' title='bbox 138 2286 378 2322; x_wconf 86' lang='lat' dir='ltr'><strong>Haenelianis</strong></span> <span class='ocrx_word' id='word_1_256' title='bbox 408 2287 654 2334; x_wconf 81' lang='lat' dir='ltr'><strong>diligentibus</strong></span> <span class='ocrx_word' id='word_1_257' title='bbox 686 2288 806 2335; x_wconf 89' lang='lat' dir='ltr'><strong>magis</strong></span> <span class='ocrx_word' id='word_1_258' title='bbox 836 2301 948 2334; x_wconf 89' lang='lat' dir='ltr'><strong>quam</strong></span> <span class='ocrx_word' id='word_1_259' title='bbox 978 2289 1178 2325; x_wconf 87' lang='lat' dir='ltr'><strong>fructuosis</strong></span> <span class='ocrx_word' id='word_1_260' title='bbox 1209 2289 1308 2324; x_wconf 89' lang='lat' dir='ltr'><strong>inter</strong></span> <span class='ocrx_word' id='word_1_261' title='bbox 1338 2301 1399 2325; x_wconf 91' lang='lat' dir='ltr'><strong>eos</strong></span> <span class='ocrx_word' id='word_1_262' title='bbox 1434 2291 1582 2335; x_wconf 87' lang='lat' dir='ltr'><strong>praeter</strong></span> <span class='ocrx_word' id='word_1_263' title='bbox 1614 2301 1697 2324; x_wconf 89' lang='lat' dir='ltr'><strong>eum</strong></span> <span class='ocrx_word' id='word_1_264' title='bbox 1728 2301 1839 2334; x_wconf 90' lang='lat' dir='ltr'><strong>quem</strong></span> <span class='ocrx_word' id='word_1_265' title='bbox 1872 2288 2067 2335; x_wconf 86' lang='lat' dir='ltr'><strong>designavi</strong></span> 
     </span>
     <span class='ocr_line' id='line_1_25' title="bbox 137 2344 2065 2392; baseline 0.002 -14"><span class='ocrx_word' id='word_1_266' title='bbox 137 2344 295 2380; x_wconf 90' lang='lat' dir='ltr'><strong>alterum</strong></span> <span class='ocrx_word' id='word_1_267' title='bbox 312 2345 458 2380; x_wconf 90' lang='lat' dir='ltr'><strong>nullum</strong></span> <span class='ocrx_word' id='word_1_268' title='bbox 473 2345 642 2387; x_wconf 89' lang='lat' dir='ltr'><strong>inveniri,</strong></span> <span class='ocrx_word' id='word_1_269' title='bbox 669 2345 734 2391; x_wconf 90' lang='lat' dir='ltr'><strong>qui</strong></span> <span class='ocrx_word' id='word_1_270' title='bbox 758 2346 797 2381; x_wconf 89' lang='lat' dir='ltr'><strong>in</strong></span> <span class='ocrx_word' id='word_1_271' title='bbox 820 2346 1157 2392; x_wconf 89' lang='lat' dir='ltr'><strong>subscriptionibus</strong></span> <span class='ocrx_word' id='word_1_272' title='bbox 1174 2345 1286 2382; x_wconf 86' lang='lat' dir='ltr'><strong>utilia</strong></span> <span class='ocrx_word' id='word_1_273' title='bbox 1310 2346 1451 2381; x_wconf 88' lang='lat' dir='ltr'><strong>habeat</strong></span> <span class='ocrx_word' id='word_1_274' title='bbox 1473 2346 1512 2380; x_wconf 89' lang='lat' dir='ltr'><strong>in</strong></span> <span class='ocrx_word' id='word_1_275' title='bbox 1535 2345 1657 2392; x_wconf 83' lang='lat' dir='ltr'><strong>plenis</strong></span> <span class='ocrx_word' id='word_1_276' title='bbox 1679 2357 1752 2381; x_wconf 91' lang='lat' dir='ltr'><strong>non</strong></span> <span class='ocrx_word' id='word_1_277' title='bbox 1769 2346 1922 2382; x_wconf 87' lang='lat' dir='ltr'><strong>inventa</strong></span> <span class='ocrx_word' id='word_1_278' title='bbox 1947 2358 2065 2391; x_wconf 86' lang='lat' dir='ltr'><strong>neque</strong></span> 
     </span>
     <span class='ocr_line' id='line_1_26' title="bbox 136 2401 2065 2449; baseline 0.001 -13"><span class='ocrx_word' id='word_1_279' title='bbox 136 2401 271 2443; x_wconf 89' lang='lat' dir='ltr'><strong>ullum,</strong></span> <span class='ocrx_word' id='word_1_280' title='bbox 302 2401 368 2447; x_wconf 91' lang='lat' dir='ltr'><strong>qui</strong></span> <span class='ocrx_word' id='word_1_281' title='bbox 397 2402 539 2439; x_wconf 89' lang='lat' dir='ltr'><strong>habeat</strong></span> <span class='ocrx_word' id='word_1_282' title='bbox 563 2402 823 2440; x_wconf 85' lang='lat' dir='ltr'><strong>additamenta</strong></span> <span class='ocrx_word' id='word_1_283' title='bbox 849 2403 1002 2449; x_wconf 89' lang='lat' dir='ltr'><strong>propria</strong></span> <span class='ocrx_word' id='word_1_284' title='bbox 1032 2415 1105 2439; x_wconf 90' lang='lat' dir='ltr'><strong>non</strong></span> <span class='ocrx_word' id='word_1_285' title='bbox 1136 2403 1227 2440; x_wconf 87' lang='lat' dir='ltr'><strong>item</strong></span> <span class='ocrx_word' id='word_1_286' title='bbox 1258 2405 1408 2449; x_wconf 88' lang='lat' dir='ltr'><strong>reperta</strong></span> <span class='ocrx_word' id='word_1_287' title='bbox 1438 2402 1477 2438; x_wconf 90' lang='lat' dir='ltr'><strong>in</strong></span> <span class='ocrx_word' id='word_1_288' title='bbox 1508 2403 1701 2449; x_wconf 87' lang='lat' dir='ltr'><strong>plenorum</strong></span> <span class='ocrx_word' id='word_1_289' title='bbox 1733 2403 1871 2449; x_wconf 89' lang='lat' dir='ltr'><strong>aliquo.</strong></span> <span class='ocrx_word' id='word_1_290' title='bbox 1920 2404 1962 2438; x_wconf 89' lang='lat' dir='ltr'><strong>In</strong></span> <span class='ocrx_word' id='word_1_291' title='bbox 1988 2402 2065 2438; x_wconf 89' lang='lat' dir='ltr'><strong>uni-</strong></span> 
     </span>
     <span class='ocr_line' id='line_1_27' title="bbox 138 2459 2066 2506; baseline 0.001 -13"><span class='ocrx_word' id='word_1_292' title='bbox 138 2469 282 2494; x_wconf 87' lang='lat' dir='ltr'><strong>versum</strong></span> <span class='ocrx_word' id='word_1_293' title='bbox 306 2459 501 2495; x_wconf 85' lang='lat' dir='ltr'><strong>breviandi</strong></span> <span class='ocrx_word' id='word_1_294' title='bbox 527 2460 829 2497; x_wconf 88' lang='lat' dir='ltr'><strong>consuetudinem</strong></span> <span class='ocrx_word' id='word_1_295' title='bbox 854 2460 1050 2506; x_wconf 85' lang='lat' dir='ltr'><strong>probabile</strong></span> <span class='ocrx_word' id='word_1_296' title='bbox 1075 2463 1132 2497; x_wconf 89' lang='lat' dir='ltr'><strong>est</strong></span> <span class='ocrx_word' id='word_1_297' title='bbox 1157 2460 1350 2506; x_wconf 90' lang='lat' dir='ltr'><strong>aliquanto</strong></span> <span class='ocrx_word' id='word_1_298' title='bbox 1368 2461 1515 2496; x_wconf 90' lang='lat' dir='ltr'><strong>demum</strong></span> <span class='ocrx_word' id='word_1_299' title='bbox 1538 2462 1623 2506; x_wconf 90' lang='lat' dir='ltr'><strong>post</strong></span> <span class='ocrx_word' id='word_1_300' title='bbox 1647 2461 1789 2496; x_wconf 86' lang='lat' dir='ltr'><strong>factum</strong></span> <span class='ocrx_word' id='word_1_301' title='bbox 1807 2460 2066 2506; x_wconf 86' lang='lat' dir='ltr'><strong>compendium</strong></span> 
     </span>
     <span class='ocr_line' id='line_1_28' title="bbox 135 2515 2065 2563; baseline 0.001 -13"><span class='ocrx_word' id='word_1_302' title='bbox 135 2515 391 2551; x_wconf 84' lang='lat' dir='ltr'><strong>Alaricianum</strong></span> <span class='ocrx_word' id='word_1_303' title='bbox 416 2516 628 2559; x_wconf 89' lang='lat' dir='ltr'><strong>invaluisse,</strong></span> <span class='ocrx_word' id='word_1_304' title='bbox 654 2517 694 2552; x_wconf 90' lang='lat' dir='ltr'><strong>id</strong></span> <span class='ocrx_word' id='word_1_305' title='bbox 712 2518 810 2562; x_wconf 89' lang='lat' dir='ltr'><strong>quod</strong></span> <span class='ocrx_word' id='word_1_306' title='bbox 835 2518 1071 2554; x_wconf 85' lang='lat' dir='ltr'><strong>confirmatur</strong></span> <span class='ocrx_word' id='word_1_307' title='bbox 1095 2518 1141 2553; x_wconf 90' lang='lat' dir='ltr'><strong>iis</strong></span> <span class='ocrx_word' id='word_1_308' title='bbox 1159 2530 1255 2563; x_wconf 90' lang='lat' dir='ltr'><strong>quae</strong></span> <span class='ocrx_word' id='word_1_309' title='bbox 1276 2530 1360 2555; x_wconf 86' lang='lat' dir='ltr'><strong>mox</strong></span> <span class='ocrx_word' id='word_1_310' title='bbox 1378 2519 1737 2555; x_wconf 87' lang='lat' dir='ltr'><strong>demonstrabuntur.</strong></span> <span class='ocrx_word' id='word_1_311' title='bbox 1780 2518 1898 2559; x_wconf 86' lang='lat' dir='ltr'><strong>Quam</strong></span> <span class='ocrx_word' id='word_1_312' title='bbox 1924 2518 1970 2554; x_wconf 92' lang='lat' dir='ltr'><strong>ob</strong></span> <span class='ocrx_word' id='word_1_313' title='bbox 1988 2530 2065 2553; x_wconf 90' lang='lat' dir='ltr'><strong>rem</strong></span> 
     </span>
     <span class='ocr_line' id='line_1_29' title="bbox 137 2573 2065 2622; baseline 0.002 -14"><span class='ocrx_word' id='word_1_314' title='bbox 137 2585 221 2608; x_wconf 88' lang='lat' dir='ltr'><strong>cum</strong></span> <span class='ocrx_word' id='word_1_315' title='bbox 250 2573 290 2608; x_wconf 91' lang='lat' dir='ltr'><strong>hi</strong></span> <span class='ocrx_word' id='word_1_316' title='bbox 314 2573 403 2609; x_wconf 89' lang='lat' dir='ltr'><strong>libri</strong></span> <span class='ocrx_word' id='word_1_317' title='bbox 432 2575 584 2620; x_wconf 89' lang='lat' dir='ltr'><strong>propria</strong></span> <span class='ocrx_word' id='word_1_318' title='bbox 615 2576 654 2611; x_wconf 89' lang='lat' dir='ltr'><strong>et</strong></span> <span class='ocrx_word' id='word_1_319' title='bbox 685 2575 798 2611; x_wconf 88' lang='lat' dir='ltr'><strong>utilia</strong></span> <span class='ocrx_word' id='word_1_320' title='bbox 822 2587 956 2621; x_wconf 89' lang='lat' dir='ltr'><strong>operae</strong></span> <span class='ocrx_word' id='word_1_321' title='bbox 982 2578 1131 2612; x_wconf 85' lang='lat' dir='ltr'><strong>nostrae</strong></span> <span class='ocrx_word' id='word_1_322' title='bbox 1155 2588 1229 2612; x_wconf 91' lang='lat' dir='ltr'><strong>non</strong></span> <span class='ocrx_word' id='word_1_323' title='bbox 1255 2576 1513 2622; x_wconf 89' lang='lat' dir='ltr'><strong>suppeditent,</strong></span> <span class='ocrx_word' id='word_1_324' title='bbox 1545 2578 1693 2622; x_wconf 87' lang='lat' dir='ltr'><strong>praeter</strong></span> <span class='ocrx_word' id='word_1_325' title='bbox 1725 2587 1769 2612; x_wconf 86' lang='lat' dir='ltr'><strong>ea</strong></span> <span class='ocrx_word' id='word_1_326' title='bbox 1799 2575 1946 2611; x_wconf 89' lang='lat' dir='ltr'><strong>scilicet</strong></span> <span class='ocrx_word' id='word_1_327' title='bbox 1970 2587 2065 2620; x_wconf 89' lang='lat' dir='ltr'><strong>quae</strong></span> 
     </span>
     <span class='ocr_line' id='line_1_30' title="bbox 137 2630 2066 2679; baseline 0.002 -14"><span class='ocrx_word' id='word_1_328' title='bbox 137 2630 422 2667; x_wconf 83' lang='lat' dir='ltr'><strong>subministrant</strong></span> <span class='ocrx_word' id='word_1_329' title='bbox 453 2631 497 2667; x_wconf 87' lang='lat' dir='ltr'><strong>de</strong></span> <span class='ocrx_word' id='word_1_330' title='bbox 523 2632 748 2668; x_wconf 85' lang='lat' dir='ltr'><strong>Alaricianis</strong></span> <span class='ocrx_word' id='word_1_331' title='bbox 780 2634 906 2679; x_wconf 87' lang='lat' dir='ltr'><strong>(supra</strong></span> <span class='ocrx_word' id='word_1_332' title='bbox 937 2646 972 2679; x_wconf 88' lang='lat' dir='ltr'><strong>p.</strong></span> <span class='ocrx_word' id='word_1_333' title='bbox 998 2634 1120 2669; x_wconf 90' lang='lat' dir='ltr'>XXXI</span> <span class='ocrx_word' id='word_1_334' title='bbox 1135 2635 1240 2678; x_wconf 83' lang='lat' dir='ltr'><strong>seq.)‚</strong></span> <span class='ocrx_word' id='word_1_335' title='bbox 1274 2646 1340 2669; x_wconf 91' lang='lat' dir='ltr'><strong>nos</strong></span> <span class='ocrx_word' id='word_1_336' title='bbox 1371 2633 1464 2670; x_wconf 90' lang='lat' dir='ltr'><strong>satis</strong></span> <span class='ocrx_word' id='word_1_337' title='bbox 1496 2633 1694 2670; x_wconf 86' lang='lat' dir='ltr'><strong>habuimus</strong></span> <span class='ocrx_word' id='word_1_338' title='bbox 1725 2633 1772 2669; x_wconf 88' lang='lat' dir='ltr'><strong>ad</strong></span> <span class='ocrx_word' id='word_1_339' title='bbox 1804 2633 2066 2669; x_wconf 85' lang='lat' dir='ltr'><strong>declarandam</strong></span> 
     </span>
     <span class='ocr_line' id='line_1_31' title="bbox 135 2688 2065 2737; baseline 0.001 -14"><span class='ocrx_word' id='word_1_340' title='bbox 135 2688 329 2731; x_wconf 89' lang='lat' dir='ltr'><strong>rationem,</strong></span> <span class='ocrx_word' id='word_1_341' title='bbox 347 2700 443 2733; x_wconf 88' lang='lat' dir='ltr'><strong>quae</strong></span> <span class='ocrx_word' id='word_1_342' title='bbox 460 2688 660 2725; x_wconf 89' lang='lat' dir='ltr'><strong>intercedit</strong></span> <span class='ocrx_word' id='word_1_343' title='bbox 683 2689 780 2726; x_wconf 89' lang='lat' dir='ltr'><strong>inter</strong></span> <span class='ocrx_word' id='word_1_344' title='bbox 796 2691 1025 2736; x_wconf 82' lang='lat' dir='ltr'><strong>exemplaria</strong></span> <span class='ocrx_word' id='word_1_345' title='bbox 1042 2692 1135 2726; x_wconf 92' lang='lat' dir='ltr'><strong>haec</strong></span> <span class='ocrx_word' id='word_1_346' title='bbox 1159 2694 1196 2727; x_wconf 92' lang='lat' dir='ltr'><strong>et</strong></span> <span class='ocrx_word' id='word_1_347' title='bbox 1213 2691 1336 2736; x_wconf 87' lang='lat' dir='ltr'><strong>plena,</strong></span> <span class='ocrx_word' id='word_1_348' title='bbox 1363 2691 1530 2728; x_wconf 89' lang='lat' dir='ltr'><strong>subicere</strong></span> <span class='ocrx_word' id='word_1_349' title='bbox 1548 2692 1649 2728; x_wconf 87' lang='lat' dir='ltr'><strong>locos</strong></span> <span class='ocrx_word' id='word_1_350' title='bbox 1666 2690 1845 2737; x_wconf 74' lang='lat' dir='ltr'><strong>potiores,</strong></span> <span class='ocrx_word' id='word_1_351' title='bbox 1872 2690 1911 2726; x_wconf 88' lang='lat' dir='ltr'><strong>in</strong></span> <span class='ocrx_word' id='word_1_352' title='bbox 1929 2689 2065 2735; x_wconf 87' lang='lat' dir='ltr'><strong>quibus</strong></span> 
     </span>
     <span class='ocr_line' id='line_1_32' title="bbox 138 2745 1250 2792; baseline 0.002 -11"><span class='ocrx_word' id='word_1_353' title='bbox 138 2745 308 2782; x_wconf 89' lang='lat' dir='ltr'><strong>codicum</strong></span> <span class='ocrx_word' id='word_1_354' title='bbox 332 2747 527 2792; x_wconf 90' lang='lat' dir='ltr'><strong>plenorum</strong></span> <span class='ocrx_word' id='word_1_355' title='bbox 553 2746 791 2784; x_wconf 86' lang='lat' dir='ltr'><strong>diversitates</strong></span> <span class='ocrx_word' id='word_1_356' title='bbox 815 2749 971 2785; x_wconf 89' lang='lat' dir='ltr'><strong>redeunt</strong></span> <span class='ocrx_word' id='word_1_357' title='bbox 995 2748 1034 2783; x_wconf 90' lang='lat' dir='ltr'><strong>in</strong></span> <span class='ocrx_word' id='word_1_358' title='bbox 1059 2748 1250 2784; x_wconf 86' lang='lat' dir='ltr'><strong>breviatis.</strong></span> 
     </span>
    </p>
   </div>
   <div class='ocr_carea' id='block_1_3' title="bbox 185 2831 1568 3292">
    <p class='ocr_par' dir='ltr' id='par_1_3' title="bbox 185 2831 830 2878">
     <span class='ocr_line' id='line_1_33' title="bbox 185 2831 830 2878; baseline 0.003 -12"><span class='ocrx_word' id='word_1_359' title='bbox 185 2831 260 2874; x_wconf 85' lang='lat'>1‚2‚</span> <span class='ocrx_word' id='word_1_360' title='bbox 275 2833 296 2867; x_wconf 88' lang='grc'>9</span> <span class='ocrx_word' id='word_1_361' title='bbox 320 2832 432 2877; x_wconf 87' lang='lat' dir='ltr'><strong>(add.)</strong></span> <span class='ocrx_word' id='word_1_362' title='bbox 458 2844 503 2868; x_wconf 84' lang='lat' dir='ltr'><strong>ex</strong></span> <span class='ocrx_word' id='word_1_363' title='bbox 528 2832 648 2878; x_wconf 86' lang='lat' dir='ltr'><strong>plenis</strong></span> <span class='ocrx_word' id='word_1_364' title='bbox 673 2845 766 2868; x_wconf 88' lang='lat' dir='ltr'><strong>unus</strong></span> <span class='ocrx_word' id='word_1_365' title='bbox 789 2833 830 2868; x_wconf 81' lang='lat' dir='ltr'><em>F</em></span> 
     </span>
    </p>

    <p class='ocr_par' dir='ltr' id='par_1_4' title="bbox 366 2889 1433 2927">
     <span class='ocr_line' id='line_1_34' title="bbox 366 2889 1433 2927; baseline 0.002 -3"><span class='ocrx_word' id='word_1_366' title='bbox 366 2900 410 2924; x_wconf 84' lang='lat' dir='ltr'><strong>ex</strong></span> <span class='ocrx_word' id='word_1_367' title='bbox 436 2889 640 2926; x_wconf 87' lang='lat' dir='ltr'><strong>decurtatis</strong></span> <span class='ocrx_word' id='word_1_368' title='bbox 664 2890 929 2926; x_wconf 89' lang='lat' dir='ltr'><strong>Ambrosianus</strong></span> <span class='ocrx_word' id='word_1_369' title='bbox 955 2911 999 2916; x_wconf 87' lang='lat'>-</span> <span class='ocrx_word' id='word_1_370' title='bbox 1024 2890 1214 2926; x_wconf 88' lang='lat' dir='ltr'><strong>Leidensis</strong></span> <span class='ocrx_word' id='word_1_371' title='bbox 1232 2890 1433 2927; x_wconf 87' lang='lat' dir='ltr'><strong>Vossianus</strong></span> 
     </span>
    </p>

    <p class='ocr_par' dir='ltr' id='par_1_5' title="bbox 186 2946 1370 3056">
     <span class='ocr_line' id='line_1_35' title="bbox 368 2946 1370 2994; baseline 0.001 -12"><span class='ocrx_word' id='word_1_372' title='bbox 368 2958 412 2982; x_wconf 86' lang='lat' dir='ltr'><strong>ex</strong></span> <span class='ocrx_word' id='word_1_373' title='bbox 436 2946 612 2993; x_wconf 88' lang='lat' dir='ltr'><strong>epitomis</strong></span> <span class='ocrx_word' id='word_1_374' title='bbox 636 2947 846 2994; x_wconf 88' lang='lat' dir='ltr'><strong>Aegidiana</strong></span> <span class='ocrx_word' id='word_1_375' title='bbox 872 2969 915 2973; x_wconf 91' lang='lat'>—</span> <span class='ocrx_word' id='word_1_376' title='bbox 942 2948 1180 2985; x_wconf 87' lang='lat' dir='ltr'><strong>Taurinensis</strong></span> <span class='ocrx_word' id='word_1_377' title='bbox 1203 2949 1253 2994; x_wconf 84' lang='lat' dir='ltr'><strong>(p.</strong></span> <span class='ocrx_word' id='word_1_378' title='bbox 1273 2948 1370 2993; x_wconf 89' lang='lat' dir='ltr'>CIII)</span> 
     </span>
     <span class='ocr_line' id='line_1_36' title="bbox 186 3011 874 3056; baseline 0 -10"><span class='ocrx_word' id='word_1_379' title='bbox 186 3011 216 3052; x_wconf 93' lang='lat'><strong>1,</strong></span> <span class='ocrx_word' id='word_1_380' title='bbox 232 3012 285 3052; x_wconf 85' lang='lat'><strong>15,</strong></span> <span class='ocrx_word' id='word_1_381' title='bbox 302 3011 344 3046; x_wconf 85' lang='lat'><strong>17</strong></span> <span class='ocrx_word' id='word_1_382' title='bbox 368 3011 480 3055; x_wconf 89' lang='lat' dir='ltr'><strong>(add.)</strong></span> <span class='ocrx_word' id='word_1_383' title='bbox 506 3023 549 3047; x_wconf 85' lang='lat' dir='ltr'><strong>ex</strong></span> <span class='ocrx_word' id='word_1_384' title='bbox 575 3011 696 3056; x_wconf 89' lang='lat' dir='ltr'><strong>plenis</strong></span> <span class='ocrx_word' id='word_1_385' title='bbox 721 3023 814 3047; x_wconf 88' lang='lat' dir='ltr'><strong>unus</strong></span> <span class='ocrx_word' id='word_1_386' title='bbox 839 3012 874 3046; x_wconf 80' lang='lat' dir='ltr'><strong><em>A</em></strong></span> 
     </span>
    </p>

    <p class='ocr_par' dir='ltr' id='par_1_6' title="bbox 186 3067 1568 3176">
     <span class='ocr_line' id='line_1_37' title="bbox 370 3067 1568 3114; baseline -0.001 -10"><span class='ocrx_word' id='word_1_387' title='bbox 370 3079 414 3104; x_wconf 83' lang='lat' dir='ltr'><strong>ex</strong></span> <span class='ocrx_word' id='word_1_388' title='bbox 439 3068 645 3104; x_wconf 88' lang='lat' dir='ltr'><strong>decurtatis</strong></span> <span class='ocrx_word' id='word_1_389' title='bbox 671 3068 860 3104; x_wconf 85' lang='lat' dir='ltr'><strong>Parisinus</strong></span> <span class='ocrx_word' id='word_1_390' title='bbox 883 3069 975 3104; x_wconf 81' lang='lat'>4412</span> <span class='ocrx_word' id='word_1_391' title='bbox 1001 3089 1045 3094; x_wconf 83' lang='lat'><strong>-—</strong></span> <span class='ocrx_word' id='word_1_392' title='bbox 1070 3068 1276 3104; x_wconf 87' lang='lat' dir='ltr'><strong>Vaticanus</strong></span> <span class='ocrx_word' id='word_1_393' title='bbox 1299 3067 1451 3114; x_wconf 84' lang='lat' dir='ltr'><strong>reginae</strong></span> <span class='ocrx_word' id='word_1_394' title='bbox 1479 3068 1568 3105; x_wconf 85' lang='lat'>1023</span> 
     </span>
     <span class='ocr_line' id='line_1_38' title="bbox 186 3130 880 3176; baseline -0.001 -10"><span class='ocrx_word' id='word_1_395' title='bbox 186 3130 344 3173; x_wconf 88' lang='lat'>1,16,13</span> <span class='ocrx_word' id='word_1_396' title='bbox 367 3130 480 3175; x_wconf 85' lang='lat' dir='ltr'><strong>(add.)</strong></span> <span class='ocrx_word' id='word_1_397' title='bbox 506 3142 550 3167; x_wconf 84' lang='lat' dir='ltr'><strong>ex</strong></span> <span class='ocrx_word' id='word_1_398' title='bbox 574 3131 695 3176; x_wconf 90' lang='lat' dir='ltr'><strong>plenis</strong></span> <span class='ocrx_word' id='word_1_399' title='bbox 720 3143 813 3166; x_wconf 86' lang='lat' dir='ltr'><strong>unus</strong></span> <span class='ocrx_word' id='word_1_400' title='bbox 840 3130 880 3165; x_wconf 83' lang='lat' dir='ltr'><em>F</em></span> 
     </span>
    </p>

    <p class='ocr_par' dir='ltr' id='par_1_7' title="bbox 369 3186 1078 3224">
     <span class='ocr_line' id='line_1_39' title="bbox 369 3186 1078 3224; baseline -0.001 -1"><span class='ocrx_word' id='word_1_401' title='bbox 369 3199 412 3223; x_wconf 82' lang='lat' dir='ltr'><strong>ex</strong></span> <span class='ocrx_word' id='word_1_402' title='bbox 438 3187 644 3223; x_wconf 89' lang='lat' dir='ltr'><strong>decurtatis</strong></span> <span class='ocrx_word' id='word_1_403' title='bbox 668 3187 858 3224; x_wconf 87' lang='lat' dir='ltr'><strong>Leidensis</strong></span> <span class='ocrx_word' id='word_1_404' title='bbox 875 3186 1078 3223; x_wconf 86' lang='lat' dir='ltr'><strong>Vossianus</strong></span> 
     </span>
    </p>

    <p class='ocr_par' dir='ltr' id='par_1_8' title="bbox 370 3244 1134 3292">
     <span class='ocr_line' id='line_1_40' title="bbox 370 3244 1134 3292; baseline -0.003 -11"><span class='ocrx_word' id='word_1_405' title='bbox 370 3256 415 3281; x_wconf 85' lang='lat' dir='ltr'><strong>ex</strong></span> <span class='ocrx_word' id='word_1_406' title='bbox 439 3244 613 3290; x_wconf 88' lang='lat' dir='ltr'><strong>epitomis</strong></span> <span class='ocrx_word' id='word_1_407' title='bbox 638 3245 847 3292; x_wconf 83' lang='lat' dir='ltr'><strong>Aegidiana</strong></span> <span class='ocrx_word' id='word_1_408' title='bbox 872 3266 915 3271; x_wconf 93' lang='lat'>—</span> <span class='ocrx_word' id='word_1_409' title='bbox 941 3245 1134 3280; x_wconf 86' lang='lat' dir='ltr'><strong>Fuldensis</strong></span> 
     </span>
    </p>
   </div>
   <div class='ocr_carea' id='block_1_4' title="bbox 185 3306 2064 3411">
    <p class='ocr_par' dir='ltr' id='par_1_9' title="bbox 185 3306 2064 3411">
     <span class='ocr_line' id='line_1_41' title="bbox 185 3306 2064 3353; baseline 0 -11"><span class='ocrx_word' id='word_1_410' title='bbox 185 3308 218 3352; x_wconf 83' lang='lat'><strong>2,</strong></span> <span class='ocrx_word' id='word_1_411' title='bbox 234 3308 348 3350; x_wconf 87' lang='lat'>7‚1.2</span> <span class='ocrx_word' id='word_1_412' title='bbox 372 3307 485 3351; x_wconf 86' lang='lat' dir='ltr'><strong>(add.)</strong></span> <span class='ocrx_word' id='word_1_413' title='bbox 511 3319 554 3343; x_wconf 85' lang='lat' dir='ltr'><strong>ex</strong></span> <span class='ocrx_word' id='word_1_414' title='bbox 587 3307 708 3352; x_wconf 86' lang='lat' dir='ltr'><strong>plenis</strong></span> <span class='ocrx_word' id='word_1_415' title='bbox 739 3320 833 3343; x_wconf 90' lang='lat' dir='ltr'><strong>unus</strong></span> <span class='ocrx_word' id='word_1_416' title='bbox 864 3307 909 3349; x_wconf 88' lang='lat'><strong>0;</strong></span> <span class='ocrx_word' id='word_1_417' title='bbox 948 3307 1095 3343; x_wconf 86' lang='lat' dir='ltr'><strong>accedit</strong></span> <span class='ocrx_word' id='word_1_418' title='bbox 1127 3307 1175 3343; x_wconf 90' lang='lat' dir='ltr'><strong>ad</strong></span> <span class='ocrx_word' id='word_1_419' title='bbox 1204 3308 1236 3349; x_wconf 83' lang='lat'><strong>2,</strong></span> <span class='ocrx_word' id='word_1_420' title='bbox 1249 3308 1281 3342; x_wconf 89' lang='lat'><strong>7.</strong></span> <span class='ocrx_word' id='word_1_421' title='bbox 1300 3308 1321 3343; x_wconf 84' lang='lat'>2</span> <span class='ocrx_word' id='word_1_422' title='bbox 1352 3306 1480 3342; x_wconf 87' lang='lat' dir='ltr'><strong>folium</strong></span> <span class='ocrx_word' id='word_1_423' title='bbox 1514 3306 1702 3353; x_wconf 84' lang='lat' dir='ltr'><strong>singulare</strong></span> <span class='ocrx_word' id='word_1_424' title='bbox 1734 3306 1914 3344; x_wconf 86' lang='lat' dir='ltr'><strong>insertum</strong></span> <span class='ocrx_word' id='word_1_425' title='bbox 1944 3306 2064 3343; x_wconf 89' lang='lat' dir='ltr'><strong>codici</strong></span> 
     </span>
     <span class='ocr_line' id='line_1_42' title="bbox 413 3364 919 3411; baseline 0.004 -12"><span class='ocrx_word' id='word_1_426' title='bbox 413 3364 599 3400; x_wconf 87' lang='lat' dir='ltr'><strong>Vaticano</strong></span> <span class='ocrx_word' id='word_1_427' title='bbox 623 3376 698 3411; x_wconf 83' lang='lat' dir='ltr'><strong>reg.</strong></span> <span class='ocrx_word' id='word_1_428' title='bbox 719 3365 786 3402; x_wconf 85' lang='lat'><strong>520</strong></span> <span class='ocrx_word' id='word_1_429' title='bbox 809 3366 833 3400; x_wconf 88' lang='lat' dir='ltr'><strong>f.</strong></span> <span class='ocrx_word' id='word_1_430' title='bbox 854 3365 919 3401; x_wconf 92' lang='lat'><strong>100</strong></span> 
     </span>
    </p>
   </div>
  </div>
 </body>
</html>
