2501 3615
916 141 959 147 —
1008 120 1163 157 CCCXX
1171 121 1257 156 XIX
1306 141 1349 145 —

216 226 373 261 Decreta¹
393 225 543 260 Damasi
569 237 598 260 c.
618 225 703 259 XVI
732 236 815 258 nam
842 225 1025 269 inscriptio
1049 227 1119 261 etc.
1146 226 1189 260 H.
1208 226 1275 261 504
1301 225 1363 260 cfr.
1390 225 1449 260 Br.
1476 224 1544 259 Th.
1570 224 1632 263 IX,
1654 226 1681 265 l,
1698 225 1718 258 6
1744 223 1810 260 int.

567 296 596 318 c.
616 283 702 318 XIX
727 283 916 317 criminum
944 283 1115 327 inquiunt
1141 285 1210 318 etc.
1239 283 1282 318 H.
1302 283 1368 318 5013
1395 283 1457 317 cfr.
1486 282 1542 316 b'r.
1560 282 1626 316 Th.
1656 282 1716 323 IX,
1740 284 1767 323 1,
1787 284 1806 316 5
1834 282 1900 317 int.

219 342 375 377 Decreta
404 340 497 376 Sixti
527 342 587 375 ΙΙΙ.
616 341 808 384 Pervyrina
838 353 912 376 vcro
939 342 1074 376 indicia
1099 344 1169 377 etc.
1195 342 1237 376 H.
1257 343 1324 376 563
1350 342 1413 376 cfr.
1442 341 1611 376 B1·.Nov.
1632 340 1714 375 val.
1741 340 1820 381 XII,
1843 341 1857 375 1
1886 340 1951 374 int.

615 399 645 433 si
672 411 749 443 qius
777 410 854 433 vero
879 403 948 434 etc.
974 400 1017 434 H.
1036 401 1104 433 5⁴33
1130 400 1193 434 cfr.
1221 399 1276 433 ΒΓ.
1297 399 1389 433 Nov.
1409 398 1492 433 val.
1518 398 1632 440 Xll‚l
1662 397 1730 432 int.

284 504 335 538 Ex
362 503 456 538 libro
481 503 626 539 decimo
653 506 755 538 sexto
775 503 1023 539 Theodosiani
1049 502 1202 548 genuini
1230 502 1531 539 Pseudoisidorus
1557 502 1649 536 haec
1674 502 1882 547 fragmenta
1908 501 2097 546 praebuit:

214 573 281 618 Ep.
302 572 472 607 Anacleti
500 572 619 617 prima
645 584 675 606 c.
695 572 761 606 XV
790 571 826 606 in
854 585 904 617 pr.
933 572 976 606 H.
998 572 1041 606 73
1067 572 1130 606 cfr.
1157 571 1224 605 Th.
1253 572 1350 614 XVI,
1369 572 1400 614 2,
1418 572 1462 605 38
1489 571 1524 605 111
1552 583 1605 616 pr.

215 631 369 666 Decreta
398 629 454 664 Pii
481 630 506 664 I.
534 642 562 664 c.
583 630 652 664 VII
679 629 715 664 in
743 630 811 665 fine
836 633 1054 674 quapropter
1078 637 1144 664 etc.
1171 629 1215 663 H.
1236 630 1301 663 118
1327 629 1389 664 cfr.
1414 629 1456 663 fr.
1477 629 1546 663 Th.
1565 629 1661 669 XVI,
1681 628 1711 671 2,
1730 628 1784 662 40.

214 688 280 734 Ep.
301 687 442 723 Urbani
467 687 587 733 prima
614 700 643 723 c.
663 688 694 722 V
720 687 816 722 unde
842 686 1093 722 attendendum
1119 687 1163 721 H.
1185 688 1248 721 145
1275 688 1338 721 cfr.
1365 686 1433 721 Th.
1461 686 1556 724 XVI,
1576 687 1606 727 2,
1624 687 1678 720 40.

214 746 281 792 Ep.
300 745 370 781 Gai
395 757 424 780 0.
445 745 495 779 IV
520 749 551 780 et
576 746 606 780 si
632 746 711 790 quis
735 746 916 789 episcopus
941 747 1010 780 etc.
1037 745 1080 779 H.
1098 745 1165 779 214
1184 757 1235 789 sq.
1262 744 1323 779 cfr.
1350 745 1418 779 Th.
1440 744 1536 785 XVI,
1555 745 1586 786 2,
1604 744 1659 778 41.

214 804 374 840 Decreta
399 802 493 838 sixti
521 804 582 838 III.
608 804 639 838 si
666 803 747 847 quis
772 803 949 847 episcopus
975 804 1042 837 etc.
1070 802 1114 836 H.
1133 803 1200 837 562
1226 802 1289 836 cfr.
1308 802 1376 836 Th.
1396 801 1490 841 XVI,
1509 802 1539 842 2,
1558 803 1613 836 41.

284 907 541 953 Epitomarum
567 906 749 943 Brevi-arii
776 905 1079 941 pseudoisidorus
1105 906 1197 940 haec
1223 906 1431 951 fragmenta
1456 905 1558 950 operi
1584 917 1648 940 suo
1674 905 1843 941 inseruit:

930 985 986 1021 Ex
1010 985 1171 1032 epitoma
1196 986 1361 1032 Aegidii:

215 1058 282 1104 Ep.
302 1056 473 1093 Anacleti
500 1056 621 1102 prima
645 1068 675 1091 0.
694 1056 745 1090 ΙΙΙ
772 1056 809 1090 in
836 1056 904 1091 fine
931 1055 974 1090 H.
993 1056 1037 1091 68
1063 1056 1125 1090 cfr.
1152 1056 1218 1102 Ep.
1239 1057 1329 1102 Aeg.
1349 1056 1415 1090 Th.
1442 1056 1539 1098 XVI,
1557 1057 1589 1097 2,
1611 1057 1640 1090 1.

214 1116 281 1161 Ep.
299 1114 456 1151 Fabiani
481 1115 644 1150 secunda
669 1126 699 1149 0.
718 1113 824 1148 XXII
849 1124 911 1148 nec
933 1114 1031 1148 ullus
1055 1125 1218 1158 unquam
1243 1116 1313 1149 etc.
1340 1114 1384 1149 H.
1404 1115 1469 1148 165
1494 1114 1555 1148 cfr.
1581 1113 1647 1158 Ep.
1666 1113 1755 1159 Aeg.
1782 1113 1849 1147 Th.
1876 1113 1920 1153 ΙΙ,
1940 1114 1971 1153 2,
1994 1114 2021 1147 1.

214 1173 281 1218 Ep.
300 1171 483 1218 Stephani
507 1185 536 1207 0.
556 1172 589 1206 lI
618 1171 689 1216 Qui
713 1171 931 1205 christianae
955 1171 1037 1215 leyis
1062 1173 1132 1206 etc.
1159 1171 1203 1206 H.
1223 1172 1289 1206 182
1315 1171 1376 1206 cfr.
1403 1171 1469 1216 Ep.
1487 1171 1578 1217 Aeg.
1597 1170 1664 1205 Th.
1691 1169 1788 1211 XVI,
1807 1170 1838 1214 2,
1860 1171 1887 1204 1.

215 1231 282 1276 Ep.
303 1229 438 1266 Felicis
464 1229 490 1264 I.
516 1229 677 1265 secunda
703 1240 732 1263 0.
751 1228 842 1262 ΧΙΙΙ
869 1228 1055 1263 Seme-ntia
1080 1228 1219 1263 absente
1244 1230 1311 1263 etc.
1339 1229 1382 1263 H.
1401 1229 1468 1264 202
1493 1228 1555 1263 cfr.
1581 1228 1647 1272 Ep.
1666 1227 1755 1273 Aeg.
1774 1227 1879 1262 Paul.
1906 1227 1948 1268 V,
1965 1228 1996 1268 5,

216 1288 283 1334 Ep.
303 1286 490 1323 Euticiani
516 1286 676 1322 secunda
702 1298 731 1321 c.
751 1286 839 1320 VIII
864 1286 1025 1320 omnibus
1049 1297 1186 1330 quoque
1211 1288 1281 1322 ete.
1308 1286 1352 1321 H.
1370 1286 1438 1320 212
1464 1286 1527 1321 cfr.
1552 1286 1620 1331 Ep.
1640 1286 1727 1331 Aeg.
1755 1285 1823 1319 Th.
1842 1285 1939 1327 XVI,
1957 1286 1989 1327 2,

214 1344 368 1381 Eusebii
395 1344 557 1380 secunda
582 1356 612 1379 0.
631 1344 701 1378 XII
728 1343 1027 1388 Redinteyrauda
1051 1346 1120 1380 etc.
1147 1344 1191 1379 H.
1210 1345 1275 1378 237
1302 1344 1365 1379 cfr.
1391 1343 1458 1389 Ep.
1477 1344 1566 1390 Aeg.
1586 1344 1690 1379 Paul.
1719 1343 1743 1387 Ι,
1763 1344 1793 1386 7,
1812 1344 1842 1376 2.

217 1404 377 1440 Decreta
402 1402 536 1438 Felicis
562 1403 606 1437 Π.
635 1414 664 1437 0.
683 1402 715 1436 X
749 1402 795 1437 Ut
818 1401 1014 1437 accusandi
1040 1405 1110 1438 etc.
1136 1403 1180 1437 H.
1199 1403 1268 1437 486
1294 1402 1357 1437 cfr.
1383 1402 1450 1447 Ep.
1468 1402 1559 1448 Aeg.
1578 1401 1646 1436 Th.
1664 1401 1762 1445 XVI,
1781 1402 1813 1443 2,
1836 1402 1863 1435 1.

219 1462 377 1498 Decreta
402 1459 554 1496 Damasi
579 1471 608 1495 c.
627 1459 714 1494 XVI
741 1461 973 1494 Accusatores
997 1461 1066 1495 etc.
1092 1460 1135 1495 H.
1154 1460 1222 1495 504
1248 1460 1311 1495 cfr.
1337 1459 1405 1505 Ep.
1425 1460 1515 1505 Aeg.
1535 1459 1602 1494 Th.
1631 1459 1675 1503 ΙΙ,
1693 1459 1725 1500 2,
1746 1459 1775 1492 1.

215 1519 375 1555 Decreta
400 1517 614 1563 Symmachi
639 1518 732 1562 [syn.
752 1517 809 1562 V.]
840 1517 1138 1562 Redinteyranda
1162 1519 1232 1553 etc.
1259 1517 1302 1552 H.
1321 1518 1388 1552 676
1415 1518 1478 1552 cfr.
1504 1517 1571 1563 Ep.
1590 1517 1680 1562 Aeg.
1699 1516 1802 1550 Paul.
1830 1516 1855 1557 Ι,
1876 1515 1905 1557 7,
1924 1517 1955 1549 2.

215 1576 375 1612 Decreta
401 1575 576 1611 Iohannis
602 1575 618 1609 Ι
645 1575 945 1621 Redime-oranda
971 1577 1040 1610 etc.
1067 1575 1111 1610 Η.
1127 1575 1195 1610 694
1219 1575 1280 1610 cfr.
1306 1575 1372 1620 Ep.
1393 1575 1481 1620 Aeg.
1500 1575 1604 1610 Paul.
1634 1575 1658 1615 I,
1678 1575 1708 1615 7,
1727 1574 1758 1607 2.

216 1634 376 1669 Decreta
401 1633 547 1679 Pelagii
573 1633 618 1667 II.
643 1643 756 1676 neque
780 1632 864 1666 dum
887 1632 1050 1667 ecclesiae
1075 1639 1141 1668 etc.
1168 1632 1212 1667 H.
1232 1633 1296 1666 731
1324 1633 1388 1667 cfr.
1414 1631 1480 1678 Ep.
1501 1634 1588 1678 Aeg.
1609 1631 1713 1666 Paul.
1742 1631 1767 1672 I,
1787 1631 1817 1672 7,
1838 1631 1870 1665 2.

2015 1229 2046 1262 5.

2011 1286 2039 1320 1.

912 1736 965 1770 Ex
991 1735 1158 1781 epitoma
1183 1735 1368 1771 Parisina:

215 1807 374 1844 Decreta
401 1806 559 1842 Fabiani
584 1820 612 1842 c.
632 1806 773 1841 XXVII
798 1807 1031 1851 appellantem
1056 1807 1124 1841 etc.
1150 1806 1193 1840 H.
1217 1806 1278 1840 167
1305 1805 1368 1841 cfr.
1394 1805 1460 1851 Ep.
1480 1806 1561 1841 Par.
1581 1805 1649 1839 Th.
1676 1805 1737 1848 XI,
1756 1805 1787 1845 8,
1810 1804 1836 1837 1.
1863 1805 1894 1838 2.
1919 1805 1949 1838 3.

585 1877 614 1899 0.
633 1864 795 1899 XXVIII
819 1864 993 1898 Pulsatae
1017 1866 1087 1899 etc.
1114 1864 1158 1898 H.
1181 1864 1246 1898 168
1272 1864 1334 1898 cfr.
1360 1863 1428 1908 Ep.
1449 1864 1528 1898 Par.
1547 1863 1616 1897 Th.
1643 1863 1688 1904 ΙΙ,
1710 1864 1738 1903 1,
1757 1862 1789 1896 4.

819 1922 860 1956 Si
883 1922 962 1971 qais
987 1933 1067 1967 eryo
1090 1922 1205 1956 iratas
1231 1922 1301 1956 etc.
1328 1921 1373 1956 H.
1395 1922 1459 1955 168
1484 1921 1548 1956 cfr.
1573 1921 1640 1966 Ep.
1659 1920 1740 1954 Par.
1761 1919 1828 1958 Th,
1856 1919 1918 1962 IX,
1941 1920 1969 1963 1,
1988 1921 2020 1954 3.

214 1980 372 2016 Decreta
390 1979 485 2015 Sixti
512 1980 577 2015 III.
602 1980 633 2014 si
657 1979 738 2024 quis
761 1980 892 2014 crimen
917 1982 986 2015 etc.
1014 1980 1057 2013 H.
1077 1981 1144 2014 562
1171 1980 1234 2014 cfr.
1261 1979 1328 2024 Ep.
1349 1980 1430 2014 Par.
1450 1978 1518 2013 Th.
1538 1979 1600 2021 IX,
1621 1981 1650 2021 1,
1669 1980 1700 2013 4.

599 2038 835 2082 appellantem
862 2039 933 2073 etc.
958 2038 1003 2072 Η.
1023 2038 1090 2072 563
1116 2037 1179 2072 cfr.
1206 2037 1273 2082 Ep.
1292 2037 1373 2072 Par.
1394 2037 1461 2071 Th.
1488 2037 1550 2079 XI,
1568 2038 1600 2079 8,
1622 2038 1649 2071 1.
1677 2038 1709 2071 2.
1735 2038 1766 2071 3.

599 2095 773 2130 Pulsatae
798 2099 879 2130 ante
903 2098 973 2131 etc.
1000 2095 1044 2129 Η.
1062 2096 1128 2130 563
1155 2095 1217 2130 cfr.
1243 2095 1310 2140 Ep.
1330 2096 1410 2130 Par.
1430 2095 1497 2130 Th.
1518 2095 1562 2137 ΙΙ,
1584 2096 1612 2137 1,
1632 2095 1663 2129 4.

598 2153 638 2188 Si.
660 2154 741 2198 quis
765 2164 845 2199 erqo
868 2154 984 2188 iratus
1009 2155 1078 2188 etc.
1106 2153 1148 2187 H.
1167 2154 1234 2188 563
1263 2153 1326 2188 cfr.
1353 2153 1418 2198 Ep.
1438 2154 1520 2188 Par.
1538 2153 1605 2187 Th.
1625 2152 1686 2194 IX,
1709 2153 1736 2194 l,
1755 2154 1786 2187 3.

594 2212 655 2256 qui
678 2211 809 2246 crimen
833 2211 951 2246 obiicit
976 2212 1045 2247 etc.
1072 2211 1116 2246 H.
1135 2212 1202 2246 563
1231 2211 1294 2246 cfr.
1321 2211 1387 2256 Ep.
1408 2211 1488 2246 Par.
1507 2211 1575 2245 Th.
1602 2210 1663 2251 IX,
1687 2211 1715 2252 1,
1734 2210 1765 2244 4.

293 2301 395 2342 Quae
421 2302 660 2339 collectiones
687 2304 818 2348 postea
845 2302 957 2337 variis
983 2302 1228 2348 scriptoribus
1262 2301 1345 2337 usui
1383 2302 1542 2345 fuerunt,
1573 2301 1702 2346 itaque
1735 2302 1805 2336 hac
1833 2301 1892 2335 via
1917 2300 2036 2335 multa
2061 2312 2105 2334 ex

174 2358 364 2395 Breviario
391 2359 429 2394 in
455 2372 568 2405 opera
594 2360 800 2406 posteriora
818 2360 1055 2395 transierunt.
1098 2360 1344 2400 Quamobrem
1370 2359 1409 2394 in
1435 2359 1692 2394 examinandis
1718 2358 1794 2393 illis
1821 2356 2105 2393 collectionibus

172 2416 479 2452 considerandum
509 2420 582 2459 est,
616 2420 739 2453 utrum
771 2420 902 2453 auctor
925 2418 1006 2463 ipso
1032 2418 1223 2453 Breviario
1250 2429 1335 2452 usus
1361 2417 1411 2453 sit
1441 2429 1488 2452 an
1515 2416 1696 2452 Breviarii
1723 2418 1932 2462 fragmenta
1958 2417 2105 2450 tantum

173 2485 219 2509 ex
245 2474 530 2510 collectionibus
555 2475 779 2511 adulteratis
805 2476 863 2510 vel
889 2487 933 2510 ex
959 2476 1060 2511 fonte
1086 2475 1247 2519 quodam
1274 2487 1317 2509 ex
1343 2474 1418 2509 illis
1445 2473 1613 2509 derivato
1639 2474 1848 2520 sumpserit.

287 2543 532 2589 Temporibus
565 2546 652 2590 post
686 2544 846 2580 medium
883 2545 1072 2581 saeculum
1105 2557 1244 2580 nonum
1282 2544 1386 2579 varia
1421 2556 1533 2590 opera
1568 2543 1766 2579 tribuenda
1799 2545 1899 2583 sunt,
1937 2553 2102 2586 quorum,

173 2603 357 2646 quantum
395 2602 443 2636 ad
477 2602 707 2638 Breviarium
746 2606 912 2638 nostrum
948 2603 1129 2645 attinent,
1169 2602 1391 2639 mentionem
1430 2602 1621 2638 faciamus.
1689 2600 1880 2637 Uberrime
1923 2598 2105 2644 imprimis

169 2658 394 2694 Hincmarus
419 2659 484 2695 ille
509 2659 813 2705 archiepiscopus
839 2661 1030 2696 Remensis
1054 2660 1238 2696 Breviarii
1264 2661 1356 2696 locis
1382 2673 1468 2695 usus
1493 2663 1563 2702 est,
1590 2663 1632 2694 ut
1658 2659 1803 2694 tabella
1827 2657 1997 2692 subiecta
2023 2655 2104 2690 illn-

173 2716 322 2752 strabit.
366 2717 436 2752 Sed
462 2716 494 2751 is
519 2729 601 2753 raro
618 2718 768 2763 quidem
794 2730 839 2754 ex
865 2719 991 2754 codice
1016 2718 1134 2764 ipsius
1152 2718 1345 2760 Breviarii,
1372 2718 1490 2753 multo
1516 2718 1674 2763 saepius,
1702 2721 1743 2753 ut
1762 2717 1942 2752 Com-atus
1961 2716 2105 2750 demon-

170 2774 324 2816 stravit,
356 2785 401 2810 ex
429 2774 533 2810 fonte
559 2776 720 2820 quodam
746 2775 888 2818 hausit,
921 2776 984 2820 qui
1011 2775 1298 2811 collectionibus
1330 2775 1499 2810 codicum
1525 2775 1557 2809 Y
1583 2777 1621 2810 et
1646 2775 1676 2809 D
1707 2774 1915 2820 respondet.
1967 2772 2105 2812 Quater

169 2831 337 2877 syllogen
366 2832 667 2874 Quesnellianam
694 2833 891 2875 consuluit,
918 2845 1014 2878 quae
1038 2833 1123 2879 ipsa
1148 2833 1406 2869 Theodosiano
1433 2832 1594 2878 genuino
1621 2831 1803 2867 innititur.
1817 2833 1840 2875 ¹)

709 2949 761 2983 Ex
788 2948 882 2994 legis
907 2949 1095 2984 Romanae
1120 2948 1403 2994 Visigothorum
1431 2947 1572 2982 codice:

287 3016 339 3051 De
368 3016 709 3062 praedestinatione
734 3017 802 3052 Dei
828 3020 866 3053 et
891 3017 1008 3053 libero
1033 3017 1206 3053 arbitrio:

171 3084 278 3120 Sirm.
298 3085 325 3126 Ι,
346 3086 362 3119 1
389 3086 691 3130 quotienscunque
715 3087 756 3120 in
781 3086 955 3122 catholica
977 3086 1047 3130 fide
1073 3088 1142 3122 etc.
1170 3086 1233 3121 cfr.
1260 3086 1318 3120 ΒΓ.
1338 3085 1404 3119 Th.
1423 3085 1520 3128 XVI,
1539 3086 1570 3127 5,
1593 3087 1620 3120 1.

291 3202 317 3244 ¹)
341 3203 452 3246 Opera
484 3204 558 3236 eIus
583 3205 688 3236 edidit
711 3204 909 3237 SIrmondus
934 3204 1010 3236 Lut.
1038 3204 1113 3236 Par.
1140 3203 1238 3236 1645.
1287 3204 1461 3236 Nonnulla
1492 3215 1533 3236 ex
1567 3203 1734 3235 Harduini
1760 3203 1854 3235 Actis
1879 3203 2099 3235 conciliorum

174 3249 350 3283 habemus.
398 3251 449 3282 De
474 3251 664 3282 Hincmaro
689 3252 749 3283 cfr.
768 3250 926 3289 Savflss,
953 3247 1021 3282 ‘280
1037 3261 1098 3291 sq.,
1123 3249 1191 3282 485
1209 3261 1275 3292 sq,;
1301 3250 1432 3283 Haenel
1458 3250 1559 3282 LRV.
1577 3248 1659 3290 465;
1687 3247 1818 3288 Hiiffer,
1843 3249 2001 3292 Beitrage
2020 3247 2100 3285 10&

173 3295 329 3336 Schrors,
356 3297 528 3329 Hinkmar
565 3297 768 3330 Erzbischof
800 3308 867 3328 von
904 3297 1043 3328 Rbehns
1074 3295 1191 3337 (1884)
1226 3308 1256 3339 p.
1281 3295 1430 3337 4osnsq.;
1463 3298 1588 3329 Conrat
1614 3297 1637 3335 Ι,
1656 3294 1700 3327 23
1717 3306 1784 3336 sq.,
1817 3295 1884 3328 255
1904 3307 1972 3337 sq.;
2011 3295 2101 3327 Idem

171 3342 246 3374 NA.
273 3343 398 3383 XXIV,
417 3342 484 3375 349
503 3354 570 3385 sq.;
597 3343 739 3376 Halban
764 3341 904 3383 11,350;
932 3344 1120 3375 Mommsen
1146 3344 1181 3375 in
1205 3343 1258 3375 his
1283 3343 1536 3386 l’rolegomeuis
1560 3353 1593 3384 p.
1611 3342 1802 3374 LXXXIX.

2148 2545 2357 2578 Hincmarus

2161 2591 2343 2624 Remensis.
