2485 3615
92 815 173 846 (sod.
186 815 346 857 Jsoittisl).

118 861 160 893 de
185 861 316 893 salario

165 1341 243 1373 (orl.
264 1341 336 1373 Vae.

174 1399 240 1430 φεμ.
259 1389 327 1420 520

1175 168 1218 173 —-
1267 146 1383 182 LXIV
1431 167 1475 173 ——

567 256 777 293 ‘ecclesiam
811 267 883 291 non
917 253 1101 299 pertinere.
1137 251 1389 298 cognoscitur,
1428 253 1568 295 quanto
1606 250 1733 285 labore
1770 250 1876 286 nobis

567 314 800 351 ‘studendum
834 315 907 353 est,
940 315 980 346 ut
1012 322 1084 345 non
1115 310 1231 344 solum
1257 309 1367 344 noxia
1399 321 1470 344 non
1501 308 1716 351 inferamus,
1751 320 1875 344 verum

569 372 694 408 ‘etiam
721 370 900 407 ecclesiae
927 369 985 404 dei
1012 368 1207 413 providere
1236 370 1417 403 certemus
1444 365 1711 412 congruentia]

363 455 467 489 Hanc
493 453 694 498 epistulam
720 450 784 495 qui
810 448 980 489 dictavit,
1008 447 1225 482 adhibuerit
1250 459 1399 483 necesse
1426 449 1482 483 est
1507 446 1629 492 ipsum
1656 446 1964 491 Theodosi-anum,
1995 458 2220 492 quamquam
2246 445 2291 482 de

363 512 441 547 eius
474 523 540 556 per
573 509 722 545 Italiam
757 520 823 542 usu
859 507 928 541 hoc
965 506 1116 540 unicum
1148 506 1304 541 fortasse
1337 505 1591 541 testimonium
1626 506 1680 540 est
1717 516 1760 539 ex
1794 504 1942 540 saeculo
1976 516 2082 540 nono.
2141 504 2292 540 Praeter

363 568 622 604 Theodosiana
657 568 759 601 certa
790 564 886 599 unde
911 563 1055 608 reliqua
1087 575 1200 609 supra
1228 563 1348 599 relata
1375 562 1527 599 veniant
1558 574 1629 597 non
1662 561 1812 603 definio;
1848 564 1925 597 tam
1951 562 2150 598 secundum
2177 564 2293 607 caput

364 626 481 669 (cuius
508 626 620 661 verba
645 634 763 667 neque
791 634 872 657 cum
892 620 1102 656 Zenoniana
1128 621 1396 657 constitutione
1424 620 1647 655 concordant
1672 631 1791 663 neque
1817 630 1900 654 cum
1923 619 2153 664 Iustinianis)
2180 630 2291 664 quam

363 687 536 728 quartum
567 686 603 718 et
629 681 799 725 quintum
835 681 873 714 et
898 681 1071 714 octavum
1104 681 1259 724 possunt
1291 678 1455 713 indidem
1487 677 1683 723 proficisci.
1730 677 1762 711 A
1786 676 1978 712 Breviario
2004 680 2103 714 certe
2128 675 2292 722 epistula

361 753 431 776 non
458 740 605 785 pendet.

475 808 572 843 XIV.
611 808 747 842 Locum
780 807 823 842 de
855 805 993 840 salario
1025 806 1139 841 codex
1171 805 1529 851 Montispessulanus
1562 818 1595 839 n.
1619 805 1686 840 306
1719 815 1813 839 saec.
1839 803 1890 838 IX
1923 803 2021 839 inter
2053 803 2293 840 miscellanea

361 865 539 911 plurima,
580 876 675 909 quae
713 866 862 900 enarrat
897 863 1098 908 diligenter
1129 863 1302 898 Goetzius
1339 863 1463 909 (gloss
1487 863 1568 898 Lat.
1595 862 1665 897 vol.
1688 863 1708 896 3
1740 874 1775 907 p.
1794 861 1949 905 XXIV),
1981 861 2005 895 f.
2029 860 2096 896 308
2127 860 2291 897 exhibet.

361 926 401 958 ln
428 936 468 959 eo
496 923 590 958 libro
616 923 684 958 sub
710 921 958 968 praescripto:
985 921 1167 956 Salarium
1190 924 1239 956 est
1262 921 1396 956 debitae
1421 921 1583 955 mercedis
1607 919 1832 964 stipendium,
1859 918 1953 963 quod
1975 928 2018 953 ex
2040 918 2150 963 reyali
2173 918 2293 953 muni-

359 981 505 1024 ficentia
529 980 711 1024 accipiant
728 980 791 1024 qni
815 980 976 1014 diversae
994 979 1224 1023 professionis
1247 982 1311 1013 ant
1334 979 1423 1013 artis
1448 978 1580 1013 studiis
1598 977 1871 1023 mancipantur:
1896 976 2032 1011 dictum
2057 979 2177 1011 autem
2199 976 2293 1010 sala-

362 1039 454 1072 rinm
472 1048 518 1081 eo,
543 1037 635 1081 quod
657 1037 759 1072 sicuti
776 1037 862 1071 salis
880 1036 991 1071 totius
1015 1036 1083 1070 sibi
1098 1036 1355 1071 condictionem
1370 1037 1422 1080 (P),
1450 1036 1503 1071 ita
1526 1035 1572 1070 sit
1595 1035 1704 1070 totius
1722 1034 1936 1069 necessitatis
1961 1037 1993 1069 et
2015 1032 2054 1068 id
2076 1034 2293 1078 supplemen-

360 1100 446 1130 tnm.
501 1095 599 1129 Hinc
632 1095 672 1128 in
703 1095 782 1129 iure
814 1094 979 1129 Romano
1009 1094 1179 1137 scriptum
1211 1097 1261 1128 est
1296 1094 1473 1140 leguntur
1506 1093 1572 1127 Th.
1600 1093 1652 1135 13,
1667 1093 1731 1134 3,1
1766 1112 1807 1118 —
1841 1092 1894 1134 13,
1907 1093 1972 1133 4,1
2006 1113 2052 1119 —
2086 1092 2138 1134 12,
2152 1092 2217 1134 2,1
2250 1112 2294 1117 -—

363 1153 462 1195 13‚3,
479 1154 536 1195 11,
571 1152 627 1188 ita
658 1154 700 1188 ut
730 1152 768 1187 in
799 1151 928 1197 primis
961 1152 1105 1187 duabus
1136 1151 1232 1188 inter
1257 1151 1541 1198 inscriptionem
1567 1154 1605 1187 et
1629 1153 1775 1186 textum
1800 1150 1986 1186 inseratur
2010 1150 2066 1185 lib.
2087 1149 2198 1184 XIII
2219 1149 2293 1193 leq„

362 1211 451 1245 item
477 1210 515 1245 in
541 1213 676 1255 quarta
703 1213 789 1246 ante
815 1209 1096 1255 inscriptionem
1121 1211 1177 1244 lib.
1200 1210 1288 1244 XII
1307 1211 1364 1255 leq.
1406 1210 1588 1256 Repperit
1606 1209 1747 1245 Haenel
1773 1209 1888 1254 (apud
1903 1207 2143 1243 Hauboldum
2169 1218 2292 1253 opusc.

363 1268 433 1303 vol.
452 1269 472 1303 2
498 1281 534 1313 p.
557 1268 619 1303 XC
647 1271 684 1304 et
710 1268 758 1303 ad
785 1268 852 1302 Th.
872 1267 912 1302 ll.
933 1270 998 1312 cc.)
1008 1281 1015 1309 ;
1041 1268 1134 1303 mihi
1159 1267 1263 1303 misit
1291 1268 1465 1304 Goetzius
1492 1267 1680 1312 descripta
1705 1279 1727 1302 a
1753 1266 2047 1301 Gundermanno.

479 1338 556 1372 XV.
594 1338 740 1373 Folium
766 1336 977 1373 solitarium
1000 1337 1237 1372 adservatum
1261 1337 1358 1373 inter
1374 1336 1599 1371 Danieliana
1617 1335 1695 1370 cod.
1710 1335 1796 1370 Vat.
1814 1346 1889 1380 reg.
1905 1334 1982 1376 520,
2009 1334 2053 1369 de
2071 1344 2144 1378 quo
2168 1331 2294 1368 codice

362 1395 460 1431 infra
480 1395 643 1431 dicemus
669 1395 707 1430 in
725 1395 849 1441 capite
868 1394 1012 1439 quinto,
1039 1395 1064 1431 f.
1079 1395 1134 1431 98¹
1154 1406 1246 1431 saec.
1264 1395 1297 1429 X
1325 1394 1491 1431 continet
1517 1392 1824 1430 constitutionem
1842 1391 1995 1434 14‚18‚1
2024 1390 2068 1426 de
2091 1390 2295 1426 mendican-

370 1454 464 1488 tibus
491 1464 562 1488 non
586 1452 763 1488 invalidis.
