2517 3615
1226 167 1271 172 -—-
1320 146 1444 182 XVIII
1489 166 1532 172 -—

481 245 701 282 EDICTVM
814 246 1155 283 GREGORIANVS
1313 247 1649 285 THEODOSIAVS
1907 251 2225 287 IVSTINIANVS

423 326 539 362 XLII:
559 328 604 363 de
615 339 655 363 re
671 327 762 363 iudi-
798 328 1110 369 1ust.7,52‚1-5;
1129 327 1172 362 cf.
1213 328 1255 363 16
1279 328 1324 363 de
1348 339 1386 363 re
1412 327 1580 364 iudicata
1795 330 1825 372 7,
1839 330 1884 366 52
1909 346 1951 361 =

468 385 554 420 cata
845 385 875 426 7,
890 385 943 426 50,
960 386 989 419 1.
1004 385 1024 418 2

799 441 888 476 Iust.
902 441 933 482 7,
947 442 1033 482 44‚1
1213 442 1254 476 17
1280 442 1324 477 de
1359 441 1554 477 sententiis
1589 454 1631 478 ex
1666 443 1759 488 peri-
1794 444 1884 486 7‚44
1909 460 1951 475 =

1280 498 1363 534 culo
1387 498 1589 534 recitandis

1211 555 1253 590 18
1282 555 1326 591 de
1343 554 1526 591 fructibus
1543 558 1581 592 et
1603 555 1684 591 litis
1701 567 1758 592 ex·
1794 557 1825 599 7,
1839 558 1880 592 51
1909 573 1951 587 =

1277 611 1400 657 pensis

1017 668 1033 702 1
1212 669 1254 704 19
1279 669 1323 704 de
1348 668 1468 704 usuris
1491 667 1545 703 rei
1569 667 1757 703 iudicatae
1794 671 1885 712 7‚54
1909 686 1952 701 .-.-·

1017 725 1105 760 1-5
1190 725 1254 824 ,20
1278 725 1342 770 qui
1366 724 1474 760 bonis
1499 736 1543 759 ex
1563 724 1646 770 lege
1662 724 1758 760 Iulia
1795 727 1825 768 7,
1840 727 1881 762 71
1909 727 1973 772 qui
1990 727 2097 764 bonis
2116 728 2243 765 cedere
2261 739 2341 774 pos-

799 554 886 589 Iust.
901 555 932 595 7,
947 555 1000 596 51,
1018 555 1033 588 1

778 670 780 712 Ι
798 667 886 702 Iust.
902 667 932 709 7,
946 667 1000 709 54,

427 724 470 758 cf.
496 724 549 765 38,
564 723 647 759 206:
699 723 763 767 qui
778 718 780 743 ¹
797 724 885 758 Iust.
901 724 930 765 7,
947 725 1001 766 71,

467 791 510 814 ex
547 780 629 825 lege
666 778 762 814 Iulia
1279 782 1407 818 cedere
1433 783 1587 827 possunt
1864 787 1949 820 sunt

466 835 570 871 bonis
597 835 748 872 cesserit

421 892 573 934 43,227;
608 904 763 937 quorum
797 894 887 929 Iust.
901 893 933 937 8,
947 895 1011 937 2,1
1210 896 1251 931 21
1279 906 1433 940 quorum
1456 895 1635 932 bonorum
1795 897 1861 939 8,2
1888 913 1931 927 =

467 949 646 985 bonorum

418 1006 474 1048 43,
491 1006 573 1041 245:
603 1007 699 1042 unde
725 1007 762 1042 vi
798 1008 887 1046 lust.
901 1009 932 1052 8,
946 1010 978 1052 4,
994 1010 1083 1045 1-4
1209 1010 1254 1045 22
1278 1009 1374 1045 unde
1400 1010 1437 1044 vi
1795 1011 1862 1055 8,4
1888 1027 1931 1041 =

418 1063 474 1106 43,
489 1063 571 1098 264:
597 1064 723 1100 utrubi
1190 1066 1254 1123 ,23
1278 1066 1407 1102 utrubi

454 1176 798 1215 GREGORIANVS
1093 1179 1464 1216 THEODOSIANVS
1877 1181 2195 1217 IVSTINIANVS

1005 1260 1335 1296 THEODOSIANI
1369 1261 1512 1297 LIBER
1544 1261 1759 1303 QVINTVS

422 1327 510 1362 lust.
524 1326 555 1369 6,
570 1328 624 1370 58,
641 1329 727 1364 1-9
893 1331 909 1365 1
937 1330 981 1366 de
1006 1329 1187 1376 legitimis
1212 1329 1484 1366 hereditatibus
1726 1331 1757 1373 6,
1773 1330 1816 1365 58
1843 1330 1887 1365 de
1911 1330 1936 1366 1.
1962 1329 2160 1366 heredibus

890 1388 911 1422 2
937 1388 980 1423 de
1006 1385 1243 1423 decurionum
1727 1387 1758 1429 6,
1772 1388 1816 1422 62
1835 1387 1878 1423 de
1891 1386 2165 1423 hereditatibus
2180 1386 2343 1423 decurio-

1793 1456 1882 1479 num
1892 1443 2206 1480 naviculariorum
2217 1444 2343 1480 cohor-

1795 1500 1930 1536 talium
1960 1500 2124 1537 militum
2159 1502 2198 1536 et
2232 1499 2343 1537 fabri-

1799 1557 1961 1593 censium

889 1616 910 1651 3
935 1615 980 1651 de
1005 1615 1221 1651 clericorum
1245 1617 1284 1651 et
1307 1615 1570 1651 monachorum

890 1730 910 1765 6
925 1730 970 1774 (?)
997 1730 1042 1766 de
1066 1728 1171 1765 bonis
1195 1728 1359 1764 militum
1725 1728 1757 1770 6,
1771 1727 1815 1763 62
1849 1729 1893 1763 de
1924 1727 2197 1765 hereditatibus
2231 1756 2239 1764 .
2266 1756 2274 1764 .
2301 1756 2308 1764 .
2334 1757 2343 1765 .

1793 1783 1957 1821 militum
1982 1787 2020 1822 et
2043 1785 2312 1823 fabricensium

421 1842 509 1878 Iust.
524 1842 555 1884 8,
570 1842 624 1884 50,
641 1841 752 1878 1-18
891 1845 911 1878 7
926 1844 973 1889 (Ρ)
1000 1844 1044 1879 de
1069 1841 1299 1889 postliminio
1725 1842 1757 1885 8,
1771 1842 1817 1878 50
1841 1857 1885 1871 =

890 1901 910 1936 8
925 1901 972 1945 (Ῥ)
998 1901 1042 1936 de
1067 1899 1238 1946 ingenuis
1263 1898 1328 1944 qui
1352 1901 1518 1943 tempore
1536 1895 1688 1942 tyranni

935 1957 1142 1994 servierunt

888 2015 910 2049 9
925 2015 972 2059 (Ρ)
998 2014 1042 2049 de
1067 2012 1246 2059 expositis
1720 2019 1729 2090 ἑ
1748 2015 1780 2057 8,
1794 2015 1835 2050 51
1863 2015 1908 2049 de
1930 2012 2136 2061 infantibus
2159 2012 2343 2059 expositis

418 2070 506 2105 Iust.
522 2070 553 2112 8,
568 2071 622 2112 51,
640 2072 655 2106 1
869 2072 911 2108 10
925 2072 972 2117 (‘?)
997 2071 1041 2108 de
1066 2070 1125 2106 his
1147 2069 1212 2115 qui
1228 2068 1533 2115 sanguinolentos
1550 2095 1557 2102 .
1577 2095 1584 2102 .
1605 2094 1612 2102 .
1631 2079 1689 2103 ac·
1808 2098 1907 2106 .....
1925 2072 1964 2107 et
1980 2070 2025 2105 de
2042 2069 2101 2106 his
2114 2069 2179 2116 qui
2195 2069 2342 2116 sangui-

936 2130 1114 2173 ceperunt
1719 2096 1730 2152 1
1803 2128 1973 2164 nolentos
1998 2154 2006 2162 .
2025 2154 2032 2162 .
2052 2154 2060 2162 .
2079 2153 2088 2162 .
2117 2129 2343 2173 acceperunt

937 2207 1516 2220 ···········

868 2242 910 2277 12
936 2242 994 2288 [de
1017 2241 1140 2277 fundis
1162 2239 1491 2286 patrimonialibus
1513 2242 1552 2275 et
1576 2239 1688 2275 saltu·
1728 2242 1780 2284 11,
1794 2242 1838 2277 62
1863 2257 1906 2271 =

935 2298 1083 2335 ensibus
1100 2302 1138 2335 et
1155 2296 1395 2343 enfyteuticis
1411 2298 1450 2332 et
1466 2307 1590 2333 eorum
1609 2307 1690 2330 con-

936 2355 1152 2391 ductoribus
1160 2355 1189 2399 ‘?]

868 2412 910 2448 13
935 2413 993 2456 [de
1016 2412 1140 2448 fundis
1169 2412 1223 2448 rei
1256 2410 1428 2457 privatae
1462 2411 1500 2447 et
1530 2408 1690 2445 saltibus
1729 2411 1840 2456 11‚66
1866 2427 1909 2442 =

934 2469 1083 2505 divinae
1108 2469 1278 2514 domus?]

867 2526 910 2562 14
935 2527 993 2572 [de
1037 2526 1190 2562 diversis
1235 2524 1398 2571 praediis
1442 2523 1595 2560 urbanis
1651 2524 1690 2559 et
1727 2526 1778 2568 11,
1794 2526 1838 2561 70
1863 2541 1906 2555 =

932 2583 1080 2618 rusticis
1105 2584 1144 2619 et
1168 2583 1212 2619 de
1237 2581 1336 2618 omni
1359 2581 1482 2617 reditu
1506 2580 1610 2616 civili
1620 2581 1653 2625 P]

868 2641 909 2676 15
935 2640 993 2685 [de
1028 2639 1127 2676 omni
1162 2651 1252 2685 agro
1288 2639 1431 2675 deserto
1469 2640 1508 2674 et
1541 2637 1689 2683 quando
1728 2640 1839 2683 11‚59
1865 2655 1907 2670 =

934 2696 1079 2733 steriles
1103 2695 1292 2732 fertilibus
1316 2695 1595 2741 imponantur?]

868 2754 910 2789 16
938 2754 998 2799 [de
1024 2752 1197 2799 agricolis
1222 2755 1261 2788 et
1280 2752 1478 2798 mancipiis
1496 2752 1688 2788 dominicis
1728 2754 1780 2796 11,
1795 2753 1839 2789 68
1865 2768 1908 2783 =

937 2811 996 2846 vel
1020 2810 1208 2846 fiscalibus
1233 2809 1311 2846 sive
1335 2809 1389 2846 rei
1413 2809 1584 2856 privatae
1594 2809 1625 2855 ‘?]

869 2869 910 2904 17
935 2868 979 2904 de
1009 2866 1197 2913 fugitivis,
1231 2866 1388 2909 colonis,
1424 2866 1618 2912 inquilinis
1650 2870 1689 2903 et
1728 2869 1780 2910 11,
1794 2867 1839 2903 64
1886 2867 1931 2903 de
1978 2864 2150 2912 fugitivis
2204 2864 2343 2901 colonis

935 2924 1050 2961 servis
1795 2922 2122 2970 patrimonialibus
2138 2925 2177 2959 et
2190 2922 2341 2968 emphy-

1795 2980 1946 3017 teuticis
1971 2982 2010 3016 et
2033 2978 2284 3016 saltuensibus

868 3039 910 3074 18
937 3039 981 3074 de
1006 3037 1198 3082 inquilinis
1223 3039 1262 3073 et
1286 3036 1426 3073 colonis
1728 3038 1781 3081 11,
1794 3037 1839 3073 48
1857 3038 1902 3074 de
1920 3035 2097 3084 agricolis
2113 3034 2266 3073 censitis
2281 3035 2342 3072 vel

1794 3093 1934 3129 colonis

870 3151 911 3186 19
935 3163 980 3186 ne
1006 3151 1157 3186 colonus
1181 3149 1298 3186 inscio
1316 3150 1462 3187 domino
1479 3163 1586 3187 suum
1602 3150 1689 3187 alie-

936 3210 1001 3243 net
1025 3207 1214 3252 peculium
1237 3211 1295 3242 cet.

425 3264 511 3298 lust.
523 3262 554 3303 8,
569 3264 654 3304 52‚1
868 3265 913 3300 20
938 3265 982 3300 de
1006 3263 1118 3310 longa
1144 3264 1410 3301 consuetudine
1726 3264 1757 3306 8,
1773 3264 1817 3300 52
1847 3275 1943 3309 quae
1972 3263 2023 3300 sit
2051 3263 2164 3310 longa
2195 3261 2340 3299 consue-

1794 3321 1884 3357 tudo
