2501 3615
0 3501 81 3615 ΙΞ

982 159 1024 164 -
1073 137 1189 174 CXXI
1237 158 1281 164 —

170 244 286 280 tabilis
310 241 505 290 proconsul
530 240 678 277 Africae
703 245 911 281 moneatur.
948 246 987 278 ut
1014 243 1061 278 ad
1200 255 1284 279 nere
1308 241 1571 289 praecipiatur,
1598 241 1764 287 exceptis
1790 243 1912 277 tamen
1939 243 2006 285 his,
2025 243 2088 288 qui

171 301 417 339 excludendas
441 300 587 335 fraudes
620 312 691 335 uuo
717 312 828 336 anno.
862 313 934 336 uon
967 302 1060 346 plus,
1200 301 1392 346 palatinae
1408 299 1565 334 militiae
1580 299 1788 345 privilegiis
1801 300 2017 335 mmziwoetm·
2032 302 2086 335 vel

171 361 265 394 haec
290 357 491 394 necessitas
517 361 745 403 procuratur.
774 359 825 394 ita
853 362 994 396 tamen.
1020 360 1061 392 ut
1200 358 1262 402 qui
1301 357 1433 393 officiis
1469 369 1511 392 ac
1549 355 1763 392 ministeriis
1800 357 1919 392 functi
1957 359 2088 394 merito

172 415 370 453 creationis
393 415 597 461 periculum
624 428 643 450 a
664 416 916 461 proconsulari
941 415 1060 450 officio
1201 415 1478 460 stipendiorum,
1502 414 1621 448 τηεν-110
1638 414 1836 460 diguitatis
1860 418 2029 450 ornatum
2053 428 2088 450 se

171 486 243 510 non
267 474 427 510 recedat.
1200 472 1409 517 adprobant
1432 475 1656 508 consecutos.
1684 472 1739 508 ita
1764 475 1900 509 tamen,
1926 475 1968 507 ut
1993 484 2089 507 crea-

216 532 301 568 Dat..
320 531 427 566 XIIII
452 531 488 566 k.
507 531 593 567 Mai.
612 531 707 566 Mod.
730 530 995 566 Valentiniano
1022 532 1057 565 et
1200 529 1313 564 tionis
1332 530 1536 574 periculum
1557 541 1577 564 a
1596 530 1848 575 proconsulari
1874 529 1994 565 officio
2019 542 2090 565 non

171 590 332 626 Valente
358 589 433 625 AA.
461 601 575 625 conss
1200 587 1360 622 recedat.

1246 644 1329 679 Dat.
1346 645 1451 680 XIIII
1470 645 1504 680 k.
1519 644 1862 680 Iul.Valentiniano
1880 648 1917 680 et
1933 644 2089 679 Valente

1200 701 1275 736 AA.
1303 714 1417 738 conss.

172 762 328 798 Omnino
354 762 583 807 coiruptelas
610 762 788 807 plurimas
823 763 858 797 et
890 758 1130 806 gravissimas
1156 759 1484 794 constitutionibus
1510 760 1640 795 insitas
1670 760 1788 796 redire
1820 760 1867 796 ad
1897 760 1996 805 ipsos
2021 760 2091 805 syl-

172 821 280 867 logae
306 820 569 865 compilatores
597 820 812 854 confirmant
840 818 937 853 inter
961 816 1036 852 alia
1063 817 1156 851 duae
1182 817 1309 852 eodem
1336 817 1394 851 die
1421 817 1574 852 emissae
1601 818 1900 862 alte1·a(8‚7,13)
1919 818 1966 852 ad
1985 817 2092 852 comi-

172 882 248 914 tem
273 878 431 918 Africae,
459 878 576 913 altera
604 877 648 919 (8,
665 879 695 918 7,
712 878 768 919 12)
795 876 842 911 ad
867 875 945 911 eius
970 874 1226 920 proconsulem
1252 886 1485 919 nequaquam
1512 875 1607 910 inter
1632 887 1669 910 se
1695 876 1975 917 consentientes,
2002 875 2091 911 item

173 936 232 972 lex
258 935 514 971 Valentiniani
550 936 563 969 I
599 935 643 970 de
676 933 808 969 suariis
841 934 892 974 14,
910 933 981 974 4,4
1015 931 1052 966 111
1087 931 1207 966 tribus
1239 932 1429 967 codicibus
1460 932 1582 966 VTW
1609 932 1748 978 pariter
1782 933 1938 973 tradita,
1973 936 2014 967 ut
2048 934 2092 968 de

173 993 334 1028 lectione
361 992 525 1028 dubitari
556 995 734 1036 nequeat,
768 991 905 1026 collata
936 1002 1018 1024 cum
1052 989 1174 1025 edicto
1200 989 1405 1034 Aproniani
1431 990 1619 1025 simillimo
1645 993 1683 1025 et
1708 991 1865 1035 aequali.
1914 991 2093 1035 Equidem

174 1051 205 1085 si
235 1063 327 1095 quas
362 1050 441 1086 eius
476 1049 622 1096 generis
653 1049 804 1084 mendas
839 1049 938 1083 certo
972 1047 1246 1092 deprehendere
1280 1047 1372 1082 mihi
1408 1047 1505 1082 visus
1541 1060 1636 1090 sum,
1673 1060 1693 1082 a
1728 1047 1902 1083 tollendis
1936 1048 1989 1084 eis¹
2022 1060 2092 1082 11011

175 1120 319 1154 semper
344 1107 510 1144 abstinui
537 1106 725 1142 commode
750 1105 870 1152 magis
895 1117 1006 1150 quam
1032 1104 1216 1151 religiose.

398 1212 454 1253 II.
488 1211 656 1253 VITIA
686 1209 1127 1252 EXEMPLARIVM
1165 1209 1574 1252 THEODOSIANI
1610 1209 1868 1252 INTEGRI.

291 1290 529 1336 Exemplaria
552 1290 801 1326 Theodosiani
827 1290 975 1337 integri,
1001 1302 1095 1335 quae
1122 1293 1187 1326 aut
1213 1303 1255 1326 ex
1281 1293 1387 1336 parte
1413 1294 1609 1336 supersunt
1635 1290 1715 1335 ipsa
1742 1293 1807 1326 aut
1833 1302 1897 1335 per
1922 1290 2093 1337 propagi-

173 1361 255 1385 nem
282 1360 385 1384 suam
410 1348 518 1384 nobis
543 1348 796 1390 innotuerunt,
821 1360 1047 1395 magnopere
1073 1348 1301 1394 discrepasse
1325 1360 1397 1384 non
1422 1351 1478 1384 est
1505 1348 1713 1390 verisimile,
1741 1360 1822 1383 cum
1847 1348 1924 1392 illa,
1950 1349 2093 1384 scilicet

172 1406 259 1442 libri
286 1406 459 1450 RVTW,
492 1405 707 1442 maiusculis
733 1406 874 1451 scripta
900 1406 1024 1442 omnia
1049 1406 1145 1442 infra
1170 1418 1264 1442 saec.
1284 1406 1353 1441 VII
1380 1406 1438 1441 vel
1470 1407 1517 1441 ad
1542 1418 1723 1441 summum
1741 1406 1828 1440 VIII
1854 1418 1925 1440 non
1950 1406 2095 1441 descen·

173 1464 275 1506 dant,
301 1463 490 1510 epitomae
514 1465 640 1500 autem
662 1466 740 1498 tam
760 1464 973 1499 Alariciana
992 1476 1103 1509 quam
1122 1464 1330 1499 Iustiniana
1347 1465 1471 1499 factae
1496 1464 1570 1499 sint
1595 1463 1742 1499 saeculo
1760 1466 1863 1498 sexto
1882 1463 2093 1508 incipiente,

171 1521 412 1558 intervallum
436 1521 552 1568 igitur
576 1521 674 1557 inter
698 1521 925 1567 exemplaria
952 1533 996 1557 ea
1025 1524 1063 1557 et
1089 1521 1210 1567 ipsam
1237 1521 1540 1567 compilationem
1566 1534 1597 1556 a.
1615 1522 1682 1556 438
1709 1521 1919 1556 absolutam
1944 1533 2015 1556 non
2041 1522 2093 1556 1111

171 1591 348 1626 magnum
365 1579 582 1616 intercedat.
621 1579 874 1615 Nihilominus
891 1591 963 1615 non
991 1579 1069 1615 sine
1097 1591 1208 1615 causa
1234 1579 1271 1614 in
1289 1579 1405 1625 gestis
1431 1582 1618 1615 senatores
1638 1582 1724 1614 vota
1742 1578 1896 1620 faciunt,
1922 1590 1965 1613 ne
1988 1580 2095 1613 *inter-

165 1638 334 1682 polentur
357 1637 505 1682 codices,
537 1640 575 1673 et
600 1649 725 1672 curam
757 1640 891 1684 agunt,
927 1640 969 1672 ut-
1008 1637 1236 1683 exemplaria
1267 1637 1488 1672 emittantur
1512 1636 1663 1682 publica
1695 1636 1920 1672 auctoritate
1946 1636 2089 1671 munita

171 1695 270 1731 Nam
299 1706 364 1731 nos
396 1706 556 1740 quoque,
591 1707 816 1740 quamquam
847 1695 956 1741 longe
989 1694 1154 1730 maxima
1188 1707 1274 1740 pars
1309 1694 1617 1730 constitutionum
1651 1694 1698 1729 acl
1731 1706 1796 1729 nos
1826 1693 1996 1739 pervenit
2027 1706 2095 1738 opc

172 1753 393 1799 exemplaris
417 1753 535 1795 unici,
568 1753 633 1788 ubi
659 1753 828 1798 pluribus
854 1753 1010 1795 utimur,
1043 1752 1105 1788 hic
1130 1753 1210 1788 illic
1237 1752 1544 1798 deprehendimus
1569 1751 1746 1787 lectiones
1771 1752 1826 1786 ita
1852 1751 2028 1793 diversas,
2055 1755 2094 1787 nt

171 1821 267 1855 quae
302 1809 475 1846 differunt
507 1810 579 1846 etsi
612 1810 661 1846 ad
694 1810 1026 1856 interpolationem
1057 1822 1139 1845 raro
1171 1810 1367 1852 accedunt,
1403 1813 1528 1845 tamen
1559 1821 1676 1844 meros
1707 1808 1841 1844 calami
1873 1819 2009 1843 errores
2040 1819 2096 1843 ex-

171 1870 359 1913 superant.
407 1867 639 1904 Subiecimus
666 1868 861 1904 elenchum
886 1867 1073 1913 potiorum
1100 1868 1301 1903 lectionum
1329 1868 1512 1902 variarum
1538 1867 1617 1903 eius
1642 1866 1800 1912 generis,
1834 1865 1977 1901 scilicet
2002 1866 2095 1900 loco-

170 1937 262 1968 rum,
287 1925 325 1960 in
343 1925 478 1971 quibus
502 1925 689 1972 graviores
716 1925 948 1962 differentiae
974 1925 1209 1962 intercedunt
1234 1925 1331 1961 inter
1348 1925 1460 1961 libros
1480 1925 1514 1960 R
1539 1928 1575 1961 et
1602 1925 1794 1969 V(quibus
1819 1924 1904 1960 addi
1922 1926 2096 1969 poterunt

171 1995 267 2028 quae
300 1983 344 2018 de
377 1983 598 2020 differentiis
630 1984 728 2019 inter
760 1984 810 2018 Vl
836 1986 874 2018 et
901 1984 954 2019 V²
986 1983 1223 2029 exposuimus
1256 1995 1291 2028 p.
1316 1983 1412 2027 LIV)
1444 1985 1482 2018 et
1512 1983 1543 2017 Τ
1573 1985 1611 2018 01
1642 1983 1688 2017 W
1719 1982 1975 2028 epitomasque
2007 1981 2097 2016 duas

172 2040 371 2077 Gothicam
403 2041 458 2086 (in
488 2042 559 2077 hac
587 2041 684 2077 infra
714 2041 920 2077 videbimus
946 2041 1063 2077 inesse
1094 2053 1200 2086 posse
1226 2041 1405 2077 lectiones
1431 2041 1717 2085 archetyporum
1742 2039 1917 2085 plurium)
1945 2042 1982 2074 ct
2008 2038 2096 2074 Con-

172 2099 558 2145 stantinopolitanam.
606 2099 865 2144 Explebuntur
890 2111 984 2144 quae
1017 2100 1086 2135 hoc
1118 2100 1199 2134 loco
1226 2098 1497 2145 composuimus
1529 2111 1610 2133 cum
1636 2110 1701 2143 per
1725 2110 1769 2133 ea
1794 2109 1888 2141 quae
1920 2095 2014 2130 infra
2039 2106 2096 2130 ex-

171 2159 356 2202 ponentur
380 2157 425 2192 de
443 2156 665 2192 different-iis
690 2156 858 2192 codicum
877 2157 1068 2199 Brevi-arii,
1095 2157 1159 2192 ubi
1185 2156 1323 2202 passim
1348 2156 1573 2192 redeundum
1598 2155 1669 2191 erit
1693 2155 1740 2190 ad
1764 2155 1831 2189 has
1857 2152 2094 2197 antiquiores,

172 2218 252 2250 tum
279 2214 498 2260 praesertim
524 2226 590 2260 per
606 2217 811 2250 tractatum
838 2214 1078 2250 subiunctum
1105 2215 1149 2250 de
1176 2214 1270 2249 libro
1289 2214 1375 2248 XVI
1401 2214 1545 2249 diversa
1570 2212 1713 2248 ratione
1739 2211 1888 2246 tradito.
1930 2210 2095 2244 Auctori-

172 2272 265 2308 tatis
281 2272 374 2309 haec
391 2272 621 2318 exemplaria
639 2273 761 2308 omnia
779 2272 880 2318 paris
898 2283 975 2308 0330
993 2271 1131 2313 iudice,
1159 2275 1256 2307 certe
1280 2271 1386 2307 nobis
1409 2283 1479 2305 11011
1498 2271 1627 2305 datum
1652 2272 1705 2305 est
1731 2269 1769 2303 in
1786 2271 1895 2304 tanta
1914 2267 2096 2302 variarum

172 2331 375 2367 lectionum
399 2330 478 2366 01113
500 2331 645 2378 generis
667 2331 862 2376 paucitate
886 2329 1092 2365 commuuio
1110 2341 1272 2365 errorum
1290 2331 1472 2374 quatenus
1490 2327 1685 2373 perveniat
1711 2325 1880 2362 stabilire
1907 2328 1943 2360 et
1969 2325 2096 2359 horum

172 2389 351 2424 librorum
377 2388 590 2434 parentelas
614 2391 652 2424 et
677 2388 907 2435 dignitatum
931 2388 1067 2434 gradus
1091 2387 1250 2423 definire.
1270 2408 1313 2412 —
1332 2386 1435 2422 Prior
1453 2386 1539 2421 ordo
1557 2384 1734 2421 lectiones
1759 2384 1857 2419 sistit
1876 2394 1970 2427 quae
1990 2394 2096 2417 verae

172 2450 260 2482 sunt
287 2447 344 2483 vel
370 2447 545 2483 videntur
569 2459 657 2490 esse,
683 2447 866 2494 posterior
891 2449 1093 2493 corruptas.

243 2517 275 2559 2,
286 2517 318 2558 8,
332 2516 374 2551 18
393 2532 436 2546 =
454 2516 485 2558 8,
497 2516 622 2560 8,3,*1
643 2533 686 2546 -—-
706 2518 758 2559 11,
775 2518 806 2560 7,
822 2516 864 2551 13
882 2516 1062 2552 instinctu
1079 2516 1273 2560 T(2,8‚18)
1322 2514 1495 2550 instituto
1521 2516 1567 2557 (8,
1582 2518 1612 2557 8,
1627 2518 1647 2547 3
1666 2512 1700 2547 R
1725 2515 1757 2546 et
1782 2511 1866 2546 brer.
1880 2513 2027 2555 praeter
2042 2509 2082 2554 0)

576 2574 686 2618 V(11‚
701 2580 729 2619 7,
744 2577 799 2619 13)
816 2576 903 2610 brer.
917 2575 964 2618 (8,
981 2578 1012 2618 8,
1027 2578 1048 2609 3
1066 2574 1095 2609 Ο
1107 2574 1217 2618 solus)

244 2633 276 2675 5,
290 2633 322 2675 7,
335 2633 367 2674 2,
381 2633 403 2668 3
522 2632 782 2668 transduxerat
800 2632 903 2667 Sirm.
926 2632 958 2666 T
1327 2630 1583 2664 transucxerat
1609 2627 1694 2662 brer.
1710 2627 1796 2661 Just.

359 2685 399 2725 11
518 2689 549 2724 si
575 2689 614 2724 in
639 2701 682 2725 ea
701 2689 804 2726 Sirm.
826 2690 954 2725 TIust.
969 2689 1087 2734 (ΕΜ)
1324 2687 1360 2721 111
1387 2698 1430 2722 ca
1456 2698 1528 2730 qua
1553 2686 1676 2729 (quam
1697 2683 1751 2728 H)
1771 2682 1846 2718 ΗΟ
1861 2681 2032 2725 lusam),
2059 2681 2095 2714 in

1343 2756 1386 2779 ea
1400 2742 1506 2788 quiS,
1525 2743 1554 2777 si
1569 2742 1606 2776 in
1621 2753 1663 2777 ca
1677 2752 1750 2785 qua
1758 2738 2098 2775 NBGEOXPLM

244 2803 277 2846 6,
291 2805 323 2845 7,
336 2803 368 2846 2,
381 2805 405 2839 4
521 2808 607 2850 post
625 2805 661 2840 R
1323 2813 1386 2837 om.
1406 2801 1438 2836 T
1448 2801 1534 2835 Just.

243 2861 275 2903 6,
289 2861 344 2904 35,
359 2861 390 2904 3,
407 2863 428 2898 9
522 2874 674 2899 munera
692 2863 780 2898 lust.
1323 2870 1432 2894 onera
1457 2868 1608 2892 munera
1629 2856 1663 2891 R

243 2917 276 2960 8,
290 2919 322 2961 5,
335 2918 402 2962 8,1
520 2920 619 2955 idem
644 2924 666 2955 Ξ.
691 2920 827 2955 RIust.
1322 2916 1418 2951 idem
1445 2919 1465 2949 ῖῑ
1491 2917 1528 2950 et
1554 2913 1715 2948 iuli-anus
1741 2916 1760 2946 ἓ
1786 2913 1816 2947 Τ

243 2975 276 3017 8,
290 2976 322 3017 5,
336 2977 368 3017 9,
386 2977 403 3011 1
522 2977 620 3013 1110111
645 2981 667 3012 Ξ.
693 2977 730 3012 R
1323 2973 1420 3008 idem
1445 2975 1466 3006 a
1491 2975 1528 3007 et
1553 2973 1573 3005 E
1595 2971 1626 3004 Τ

243 3034 322 3077 8,5,
340 3035 393 3076 10,
409 3035 426 3069 1
521 3034 619 3069 idem
646 3038 668 3069 Ξ
693 3034 729 3069 R
1323 3030 1418 3064 idem
1444 3032 1465 3062 Ξ
1490 3031 1572 3079 et}
1596 3028 1627 3061 T

243 3091 277 3134 8,
289 3093 320 3133 7,
338 3091 390 3133 10,
406 3092 426 3126 7
521 3091 687 3137 conplati
713 3082 841 3126 ualefft
866 3093 915 3136 ffp
942 3093 979 3125 et
1005 3089 1145 3125 uictore
1173 3089 1203 3121 Ii
1319 3078 1447 3131 cons—tp
1475 3085 1608 3120 ualano
1635 3087 1673 3118 et
1699 3083 1846 3117 ualente
1873 3084 1918 3116 ῑ1ῖ1
1944 3080 1974 3114 T

244 3148 277 3190 8,
294 3148 346 3191 18,
360 3149 393 3190 9,
409 3150 448 3184 *1
522 3161 593 3184 non
619 3148 834 3184 extantibus
862 3148 950 3183 Ius-t.
1322 3143 1535 3179 extantibus
1561 3143 1647 3176 brer.

244 3206 278 3248 9,
293 3208 323 3248 1,
340 3207 393 3247 12,
407 3207 429 3241 2
523 3206 708 3241 accusatis
733 3204 1065 3241 VHYYBOCIust.
1326 3200 1535 3236 accusantis
1560 3199 1652 3233 V¹E

243 3263 277 3306 9,
293 3265 323 3305 1,
338 3264 391 3305 19,
406 3263 481 3307 *213
519 3263 706 3309 supplicia
723 3263 885 3309 fugienti
904 3264 1034 3307 sponte
1055 3259 1208 3306 fingenti
1234 3259 1263 3293 T
1323 3257 1481 3303 suplicio
1508 3254 1695 3291 confitenti
1717 3254 1755 3294 Ο,
1788 3250 1973 3297 supplicia
2003 3250 2096 3296 fugi-

1367 3315 1442 3349 enti
1467 3314 1514 3348 V¹
1535 3317 1566 3347 ct
1586 3322 1692 3356 mary.
1715 3310 1756 3354 Y,
1783 3312 1913 3355 sponte
1939 3307 2092 3353 fingenti

1374 3372 1424 3407 V²
1442 3372 1527 3405 brer.
1546 3370 1636 3414 (rel.)

315 3424 453 3459 Tarson.
474 3425 501 3459 I.
1797 3424 1822 3447 Η
