2485 3615
1108 164 1152 171 —
1201 143 1454 180 CCXXXVIII
1502 162 1546 168 -

500 303 626 352 ΙΜΡ.
653 301 951 350 IOVIANVS
988 296 1092 349 Ast)
1136 299 1249 346 364.

519 392 544 435 ²)
571 393 734 426 Iovianus
762 403 839 424 cum
873 390 995 423 obierit
1025 399 1057 421 a.
1082 386 1151 421 364
1182 388 1235 420 die
1259 389 1309 420 XI
1344 388 1378 421 k.
1402 389 1522 427 Mart„
1552 386 1699 418 duarum
1731 385 2029 427 constitutionum,
2062 385 2190 427 quibus
2220 384 2295 417 eius

570 456 694 478 nomen
726 442 985 476 Theodosianus
1016 441 1233 483 praescribit,
1270 450 1356 482 quas
1391 440 1444 472 bis
1477 439 1635 482 ponimus
1665 442 1699 470 et
1731 438 1795 470 sub
1824 438 1960 470 nomine
1992 437 2124 470 Ioviani
2159 441 2194 469 et
2229 436 2294 469 sub

570 496 812 530 Valentiniano
841 499 874 526 et
894 493 1038 526 Valente
1063 493 1252 525 secundum
1281 492 1433 524 ordinem
1452 491 1594 532 dierum,
1620 495 1709 522 certe
1734 490 1899 532 posterior
1922 488 2056 532 (prioris
2073 490 2144 522 dies
2161 488 2296 521 videtur

570 553 751 590 corruptus
781 545 869 587 esse)
896 545 998 577 simili
1023 545 1155 576 ratione
1187 544 1228 576 ad
1254 555 1331 576 eum
1356 543 1519 582 trahitur,
1551 553 1621 584 qua
1651 542 1732 574 anni
1756 539 1824 573 363
1848 545 2017 574 extremas
2047 542 2195 574 vidimus
2223 540 2297 573 dari

569 602 712 633 Iuliano.
764 599 952 640 Pleraeque
977 601 1093 629 tamen
1118 596 1199 628 anni
1223 596 1298 629 eius
1323 595 1566 628 adscribuntur
1582 594 1827 627 Valentiniano
1853 598 1888 626 et
1911 593 2060 627 Valenti.

364 730 444 769 364
478 725 731 768 IOVIANO
764 724 816 766 A.
848 723 925 765 ET
956 721 1355 765 VARRONIANO
1390 719 1584 763 GONSS.

294 842 362 877 364
605 840 656 874 XI
680 839 716 873 k.
735 839 844 873 Mart.
985 837 1061 872 dat.
1081 837 1150 882 [pp]
1177 835 1400 872 Antiochiae
1472 834 1639 870 Secundo
1664 840 1733 879 pp&
2023 833 2055 874 9,
2068 832 2123 873 25,
2136 832 2158 865 2

294 910 361 945 364
607 908 641 943 V
665 908 701 943 k.
720 907 801 943 Oct.
987 906 1153 942 Aedesae
1471 903 1639 938 Secundo
1665 908 1732 948 ppp
2024 901 2055 943 7,
2068 900 2101 942 4,
2114 901 2136 935 9

502 1049 1210 1100 1MPP.VALENT1NIANVS
1247 1048 1328 1096 ET
1365 1046 1613 1095 VALENS
1655 1045 1943 1094 364—367.

488 1175 514 1220 ss
541 1178 679 1220 signum
704 1177 831 1208 indicat
858 1186 936 1208 cum
953 1174 1195 1207 Valentiniano
1221 1178 1255 1206 et
1271 1173 1416 1206 Valente
1441 1171 1633 1215 nuncupari
1651 1170 1867 1203 Gratianum.
1908 1170 1942 1201 Is
1966 1172 2101 1201 creatus
2118 1168 2299 1212 Augustus

362 1248 392 1269 a.
417 1235 484 1268 367
517 1247 548 1269 a.
573 1237 603 1268 d.
628 1236 727 1267 VIIII
760 1236 794 1268 k.
821 1235 911 1277 Sept.
941 1238 1043 1266 antea
1076 1233 1245 1265 nominari
1278 1243 1346 1264 non
1379 1230 1513 1271 debuit3
1547 1234 1583 1263 at
1615 1241 1692 1262 cum
1723 1227 1981 1261 constitutiones
2015 1225 2300 1269 subscriptionem

364 1295 533 1327 habentes
568 1293 809 1326 Valentiniano
834 1297 864 1325 et
890 1290 1030 1323 Valente
1055 1301 1163 1323 conss.
1189 1294 1223 1322 et
1253 1301 1272 1322 a
1296 1289 1395 1321 nobis
1425 1288 1490 1321 sub
1516 1298 1547 1320 a.
1565 1285 1633 1319 365
1658 1285 1867 1329 compositae
1890 1295 2017 1327 magna
2041 1295 2084 1316 ex
2109 1288 2203 1326 parte
2227 1294 2300 1326 per-

364 1352 495 1384 tineant
532 1351 576 1383 ad
611 1350 810 1383 consulatus
841 1350 997 1387 iteratos,
1031 1347 1221 1380 secundum
1251 1357 1282 1380 a.
1301 1343 1379 1385 368,
1413 1345 1551 1378 tertium
1583 1354 1614 1376 a.
1632 1341 1715 1384 370,
1749 1347 1910 1386 quartum
1939 1353 1969 1374 a.
1987 1339 2071 1382 373,
2106 1340 2234 1384 passim
2263 1341 2301 1373 in

364 1409 533 1441 laterculo
559 1409 626 1440 iam
652 1413 730 1440 ante
756 1407 853 1440 illum
871 1407 959 1439 diem
985 1405 1132 1448 reperies
1150 1404 1411 1437 constitutiones
1427 1403 1593 1435 habentes
1619 1401 1717 1434 modo
1741 1405 1833 1434 recte
1854 1400 1953 1433 modo
1970 1409 2147 1442 perperam
2163 1398 2301 1432 nomina

365 1466 466 1498 trium
492 1467 746 1509 Augustorum,
778 1464 826 1496 ibi
858 1464 1056 1507 praesertim
1080 1463 1141 1495 ubi
1167 1462 1355 1495 Gratianus
1386 1465 1504 1504 utpote
1535 1460 1657 1493 consul
1681 1471 1711 1493 a.
1728 1458 1795 1492 366
1826 1458 2075 1500 subscriptione
2105 1456 2300 1489 nominatus

365 1523 526 1556 librarios
551 1524 592 1555 de
618 1534 653 1555 se
678 1522 867 1555 admonuit.
914 1522 942 1553 E
968 1521 1139 1554 contrario
1164 1520 1200 1552 in
1225 1518 1534 1561 subscriptionibus
1560 1528 1590 1550 a.
1611 1515 1677 1550 367
1704 1516 1873 1559 Lupicino
1898 1520 1930 1549 et
1954 1515 2074 1548 Iovino
2099 1525 2208 1548 conss.
2233 1518 2301 1546 tres

365 1586 497 1614 tantum
527 1580 788 1614 constitutiones
813 1579 1092 1622 inscriptionibus
1117 1577 1321 1610 Gratianum
1347 1577 1514 1608 inserunt.

367 1707 447 1747 364
480 1705 627 1747 DIVO
667 1704 920 1746 IOVIANO
959 1703 1034 1745 ET
1066 1701 1465 1744 VARRONIANO
1500 1700 1695 1742 CONSS.

494 1823 657 1856 Iovianus
695 1822 779 1855 obiit
803 1822 834 1854 d.
860 1822 958 1855 Febr.
987 1819 1028 1853 16
1064 1820 1287 1853 Dadastanae
1320 1819 1355 1851 in
1388 1819 1568 1862 Bithynia3
1610 1818 1749 1860 eligitur
1780 1817 1965 1859 imperator
1998 1816 2146 1849 Nicaeae
2178 1815 2301 1848 Valen-

366 1882 516 1913 tinianus
533 1881 631 1913 Febr.
648 1879 709 1921 263
737 1879 968 1912 Nicomediam
995 1879 1172 1922 ingressus
1197 1883 1248 1910 est
1264 1879 1366 1910 Mart.
1382 1877 1417 1918 1;
1444 1875 1739 1919 Constantinopoli
1764 1875 1817 1908 die
1834 1876 1933 1908 Mart.
1951 1873 1996 1908 28
2020 1875 2160 1908 fratrem
2176 1873 2303 1906 Valen-

366 1943 433 1971 tem
459 1940 524 1972 sibi
550 1939 693 1971 adscivit
718 1938 850 1980 imperii
883 1942 1075 1970 consortem
1102 1936 1318 1976 (Ammianus
1343 1933 1397 1974 26,
1412 1933 1445 1974 4,
1463 1933 1515 1976 3);
1541 1934 1619 1966 inde
1644 1933 1832 1976 procedunt
1854 1933 2015 1966 Naissum
2039 1930 2074 1974 (l.
2093 1943 2120 1965 c.
2139 1930 2193 1972 26,
2208 1930 2239 1973 5,
2255 1931 2300 1973 1),

366 1997 446 2029 hinc
472 1997 631 2029 Sirmium
657 1994 693 2038 (l.
714 2007 740 2028 c.
768 1994 822 2035 26,
842 1995 872 2036 5,
900 1994 954 2037 4);
981 1995 1129 2036 denique
1147 1993 1413 2026 Valentinianus
1439 1991 1673 2024 Mediolanum
1698 1991 1803 2032 venit,
1829 1990 2157 2033 Constantinopolim
2174 1989 2302 2023 Valens

368 2053 442 2097 (26,
461 2053 497 2095 5,
516 2053 551 2094 4)
584 2054 776 2095 ibidemque
813 2053 1002 2086 hiemantes
1035 2052 1251 2085 consulatum
1277 2061 1308 2083 a.
1326 2049 1396 2084 365
1421 2050 1573 2082 inierunt
1598 2048 1633 2090 (l.
1652 2059 1680 2081 c.
1705 2047 1759 2090 26,
1774 2046 1806 2090 5,
1820 2046 1865 2088 6).
1892 2066 1936 2070 —
1961 2041 2235 2091 Subscriptiones
2263 2051 2303 2080 ut

366 2124 508 2145 numero
534 2112 664 2144 multae
690 2116 780 2152 sunt,
808 2111 855 2143 ita
880 2110 1020 2142 difficile
1046 2110 1275 2152 explicantur.
1317 2108 1562 2151 Inscriptiones
1587 2107 1677 2139 duae
1701 2107 1801 2139 Febr.
1820 2104 1863 2138 19
1889 2110 1922 2138 et
1947 2106 2037 2148 Sept.
2054 2103 2097 2138 27
2123 2106 2303 2138 Iovianum

365 2174 582 2212 nuncupant,
615 2169 768 2210 reliquae
794 2168 996 2210 incipientes
1022 2179 1043 2200 a
1067 2169 1137 2200 Ian.
1163 2166 1202 2200 11
1231 2166 1514 2199 Valentinianum
1540 2169 1574 2197 et
1598 2164 1794 2204 Valentem3
1827 2168 2012 2205 utrumque
2042 2174 2153 2206 genus
2183 2174 2301 2206 quam-

366 2238 471 2269 quam
497 2228 587 2259 veris
617 2226 827 2269 temporibus
853 2226 1065 2258 contrarium
1091 2225 1169 2257 inde
1196 2224 1438 2267 explicandum
1470 2223 1550 2262 erit,
1581 2223 1672 2265 quod
1697 2223 1936 2265 compilatores
1959 2223 2059 2256 annis
2083 2222 2229 2266 singulis
2252 2223 2303 2255 in-

366 2287 567 2329 scriptiones
592 2285 746 2328 singulas
771 2287 1044 2327 praeposuerunt
1069 2293 1196 2325 easque
1231 2293 1331 2325 saepe
1357 2292 1547 2325 perversas.
1596 2278 1662 2313 Sed
1688 2285 1863 2323 practerea
1894 2280 1961 2313 loci
1989 2280 2154 2324 adscripti
2177 2291 2304 2323 magna

366 2355 408 2376 ex
433 2348 545 2386 parte,
576 2348 614 2375 ut
638 2353 749 2375 annus
775 2342 810 2374 in
834 2341 1005 2384 plerisque
1030 2351 1135 2373 verus
1164 2341 1208 2372 sit
1240 2338 1286 2383 (id
1314 2340 1404 2382 quod
1438 2344 1616 2382 propterea
1642 2338 1856 2380 crediderim,
1888 2338 1979 2380 quod
2009 2339 2079 2371 fere
2103 2349 2172 2371 non
2195 2339 2302 2371 nomi-

365 2409 490 2435 nantur
516 2401 581 2433 nisi
606 2411 691 2442 quos
717 2399 890 2442 probabile
916 2399 960 2431 sit
989 2399 1033 2431 ab
1060 2398 1166 2430 altero
1200 2404 1276 2431 utro
1312 2398 1516 2440 imperatore
1547 2408 1586 2429 eo
1618 2406 1710 2429 anno
1739 2396 1849 2429 aditos
1879 2395 1983 2438 esse),
2016 2396 2052 2429 in
2081 2396 2257 2429 mensibus
2281 2407 2304 2429 a

367 2460 499 2493 traditis
525 2463 558 2491 et
582 2457 816 2501 probabilibus
850 2457 952 2499 longe
984 2456 1163 2497 recedunt,
1199 2456 1247 2487 ita
1280 2460 1319 2488 ut
1352 2455 1392 2487 iis
1422 2455 1562 2487 retentis
1593 2455 1674 2486 ordo
1705 2454 1874 2486 efficiatur
1897 2465 1977 2487 vere
2001 2454 2129 2487 nullus.
2177 2454 2303 2487 Eiectis

366 2519 460 2559 locui,
487 2528 572 2560 quos
598 2516 663 2548 hoc
687 2526 778 2548 anno
803 2519 924 2547 neuter
940 2514 1125 2556 imperator
1149 2513 1243 2554 adiit,
1270 2514 1377 2545 Roma
1394 2513 1532 2545 Arelate
1549 2512 1711 2552 Treviris,
1738 2512 1854 2544 eiectis
1878 2512 1959 2544 item
1983 2512 2035 2551 iis,
2061 2523 2147 2554 quos
2172 2515 2305 2545 constat

369 2576 537 2619 pertinere
563 2574 605 2607 ad
632 2574 824 2611 Valentem,
856 2572 1053 2604 Nicomedia
1077 2572 1215 2614 Ancyra
1239 2571 1447 2611 Antiochia,
1481 2582 1551 2603 non
1581 2570 1804 2612 improbabile
1829 2573 1880 2602 est
1904 2570 1968 2602 iter
1985 2569 2214 2603 Valentiniani
2237 2569 2304 2603 tale

369 2635 439 2666 fere
465 2633 586 2665 fuisse:
619 2630 931 2672 Constantinopolis
957 2647 1001 2651 —
1026 2629 1292 2672 Hadrianopolis
1317 2647 1360 2651 —
1387 2628 1634 2671 Philippopolis
1658 2645 1704 2650 --
1728 2628 1822 2660 Bona
1848 2628 1980 2660 mansio
2005 2626 2108 2669 (inter
2131 2627 2303 2671 Philippo-

367 2691 470 2734 polim
505 2695 538 2722 et
564 2689 751 2727 Serdicam,
783 2687 856 2719 itin.
883 2687 1110 2729 Hierosolym.
1137 2698 1169 2729 p.
1190 2685 1271 2728 567)
1299 2704 1340 2708 -
1368 2686 1505 2718 Serdica
1535 2703 1579 2709 —
1610 2685 1754 2718 Naissus
1779 2703 1822 2707 -
1848 2685 2008 2717 Sirmium
2033 2702 2076 2707 —
2101 2685 2235 2718 Emona
2261 2703 2302 2708 —

367 2748 528 2790 Aquileia
553 2765 596 2770 —-
622 2746 777 2779 Altinum
803 2761 846 2766 —-
870 2745 1008 2777 Verona
1033 2762 1073 2767 —
1101 2745 1354 2785 Mediolanum;
1379 2744 1557 2777 mensibus
1582 2743 1634 2784 iis,
1660 2743 1720 2785 qui
1744 2753 1823 2775 cum
1848 2743 1913 2775 hoc
1936 2742 2111 2775 itinerario
2136 2746 2302 2786 pugnant,

366 2812 434 2838 tam
460 2806 548 2837 infra
573 2816 674 2847 quam
698 2804 741 2835 ad
767 2804 858 2845 ipsas
882 2803 976 2846 leges
1002 2803 1138 2845 signum
1164 2802 1347 2835 dubitandi
1374 2803 1584 2845 adscriptum
1610 2805 1670 2834 est.

299 2907 367 2942 364
611 2906 664 2940 III
690 2904 738 2939 id.
757 2904 834 2939 Ian.
849 2903 893 2948 [?]
990 2929 1205 2939 .......
1471 2901 1694 2938 Mamertino
1713 2907 1781 2947 ppo
1800 2900 1962 2946 [Italiae]
2028 2901 2082 2943 13,
2097 2902 2128 2944 3,
2143 2901 2165 2936 6

299 2975 367 3010 364
611 2973 696 3019 prid
715 2972 960 3017 non.Febr.[‘?]
991 2972 1204 3008 Mediolano
1479 2971 1650 3007 Caesario
1666 2982 1757 3006 com.
1767 2983 1794 3006 r.
1803 2969 2002 3016 pr.[Occ.‘?]
2030 2970 2083 3012 10,
2099 2971 2128 3012 1,
2143 2970 2166 3005 8

300 3044 368 3079 364
607 3041 701 3087 prid.
712 3053 793 3076 non.
803 3040 956 3086 Febr.[‘?]
988 3040 1199 3077 Mediolano
1476 3039 1596 3075 ordini
1622 3039 1791 3075 civitatis
1817 3039 1975 3074 Kartha·
2053 3039 2082 3073 I
2112 3038 2293 3083 11‚30,32

1522 3096 1620 3143 ginis
2029 3095 2080 3130 II
2111 3115 2154 3121 —
2181 3093 2304 3137 11,36‚
2318 3095 2362 3130 15

301 3169 368 3203 364
396 3168 566 3213 (Ioviani)
615 3168 666 3202 XI
693 3167 727 3201 k.
746 3167 855 3202 Mart.
997 3167 1071 3202 dat.
1087 3167 1183 3213 [pp]
1202 3166 1424 3203 Antiochiae
1473 3166 1641 3202 Secundo
1663 3171 1731 3211 pp&
1757 3164 1951 3211 [Orientis]
2027 3166 2059 3207 9,
2074 3166 2129 3207 25,
2143 3164 2165 3199 2

301 3237 369 3272 364
608 3235 723 3281 [VJHI
737 3234 785 3270 id.
796 3235 904 3271 Mart.
915 3235 958 3281 [‘?]
986 3235 1257 3281 Hadrianopoli
1472 3234 1644 3279 Ampelio
1669 3234 1882 3279 proconsuli
2029 3233 2082 3275 13,
2096 3234 2129 3277 5,
2145 3233 2188 3268 10

1520 3292 1669 3327 Africae

302 3351 370 3385 364
613 3352 707 3397 prid.
722 3352 770 3388 id.
786 3352 895 3387 Mart.
904 3350 946 3397 [P]
988 3348 1200 3387 Mediolano
1473 3350 1674 3386 Menandro
2024 3348 2057 3390 8,
2073 3348 2106 3390 5,
2122 3346 2163 3382 17
