2501 3615
1025 152 1069 157 —
1118 130 1254 166 CCCLI
1304 151 1346 156 —

221 240 402 287 exposuit.
442 239 678 282 Haeuelius1)
705 237 780 283 legi
804 237 991 272 Romanae
1010 234 1291 280 Visigothorum
1316 233 1475 268 maxime
1501 233 1652 267 studens
1677 232 1909 268 Breviarium
1936 233 1974 267 iu
2002 233 2151 269 Italiam

223 298 433 345 pervenisse
459 310 503 333 ex
529 296 720 332 codicibus
745 294 1007 340 compluribus,
1033 293 1098 338 qui
1123 292 1161 327 in
1188 291 1376 328 veteribus
1401 290 1534 326 ltaliae
1559 289 1799 325 bibliothecis
1824 291 1928 325 velut
1954 290 1990 325 in
2018 291 2153 336 Epore-

223 356 342 393 diensi
374 355 512 400 reperti
538 357 634 395 sunt,
667 364 848 398 apparere
882 351 1090 388 contendit.
1123 362 1213 394 quos
1239 362 1261 384 a
1286 349 1436 384 Francis
1462 348 1499 383 in
1526 347 1676 384 ltaliam
1709 350 1878 393 portatos
1903 360 1980 384 esse
2006 349 2152 385 omnino

220 416 345 460 negat.
395 414 530 448 Postea
564 415 606 447 ut
636 411 729 446 alios
760 410 934 445 omittam
967 408 1195 454 Fittiugus²)
1232 406 1412 442 Breviarii
1447 418 1513 451 per
1537 405 1687 441 ltaliam
1722 417 1827 440 usum
1860 405 2006 440 0111111110
2040 408 2154 452 negat

221 471 349 516 ibique
386 471 482 505 hanc
522 470 641 515 legem
681 480 828 514 prorsus
864 467 1074 512 neglectam
1113 477 1189 499 esse
1227 464 1399 499 affirmat.
1461 464 1598 499 Contra
1634 462 1817 507 Schupfer
1852 462 1928 508 legi
1966 463 2153 498 Romanae

223 528 392 565 Curiensi
418 539 543 563 curam
569 527 764 562 intendens
783 524 896 560 variis
922 537 966 560 ex
985 523 1105 559 causis
1130 535 1203 557 non
1222 522 1468 557 dubitandum
1487 533 1564 556 esse
1592 519 1794 562 contendit,
1815 519 1904 564 quin
1925 520 2152 555 Breviarium

223 588 336 622 etiam
363 598 429 631 per
454 585 622 630 regiones
649 584 783 619 Italiae
810 582 1046 628 divulgatum
1073 581 1235 625 fuerit.³)
1285 579 1361 614 Alii
1394 579 1561 615 homines
1587 578 1688 614 docti
1721 580 1763 613 ut
1790 577 1945 618 Calisse,
1978 578 2153 613 Flachius

222 646 260 678 et
285 643 524 685 Salv-ioliuw)
551 642 810 686 Schupferum,
845 639 911 675 alii
943 641 985 674 ut
1011 639 1176 673 Brunner
1201 640 1238 673 et
1265 637 1432 681 Ficker⁵)
1458 636 1625 682 opinioni
1654 635 1812 680 Fittingi
1844 635 1982 670 favent.
2031 635 2153 670 Etiam

221 701 403 737 Conratus
430 701 469 745 [1,
487 701 530 734 46
544 699 616 744 sq]
643 702 680 734 et
706 701 791 743 post
817 709 899 733 eum
927 697 1082 731 Patetta
1097 698 1124 740 ⁸)
1150 695 1280 730 multis
1306 694 1427 730 verbis
1451 706 1495 730 ea
1521 694 1565 728 de
1591 705 1628 728 re
1655 696 1820 738 egerunt.

342 769 399 804 Ad
424 768 713 804 controversiam
738 765 933 802 transituri
959 778 1041 801 cum
1068 764 1283 800 auctoribus
1302 763 1478 809 Savignio
1504 766 1541 798 et
1559 763 1713 798 Patetta
1738 775 1794 799 res
1820 764 1907 798 ante
1933 764 1970 797 et
1996 764 2080 807 post
2104 762 2154 796 in-

221 827 376 864 troitum
396 828 620 862 Francorum
647 826 685 860 in
708 837 863 870 regnum
882 823 1208 869 Langobardorum
1227 821 1508 867 distinguendas
1534 833 1611 855 esse
1636 824 1821 866 putamus.
1863 820 1904 854 In
1930 819 2154 855 conficiendo

221 885 344 922 edicto
377 897 442 920 suo
468 884 717 920 Theodericus
742 881 1051 926 ostrogothorum
1085 892 1148 915 rex
1182 880 1302 925 legem
1328 879 1532 914 Romanam
1552 878 1833 923 Visigothorum
1866 889 1938 913 non
1969 877 2152 919 adhibuit,

222 943 370 979 etiamsi
397 942 572 981 edictum.
599 945 641 977 ut
666 940 914 981 Gaudenzius,
943 939 1116 979 Brunner,
1143 937 1355 979 Schroeder,
1381 937 1510 972 Amira
1535 936 1673 980 aliique
1700 939 1890 981 putant7),
1917 935 2015 970 inter
2040 946 2154 970 annos

220 1002 381 1036 511—15
406 999 631 1046 publicavit,
658 998 786 1044 paullo
813 999 1010 1042 postquam
1039 998 1165 1041 partes
1191 995 1337 1030 Galliae
1363 993 1622 1040 Visigothicae
1648 993 1721 1028 sibi
1746 993 1917 1028 subiecit.
1967 993 2052 1027 Alia
2072 993 2154 1028 Bre-

225 1058 334 1094 viarii
353 1057 758 1103 Langobardorumque
784 1055 908 1101 legum
934 1053 1033 1089 ratio
1059 1065 1137 1089 esse
1157 1053 1312 1094 videtur,
1339 1053 1403 1087 sed
1424 1051 1594 1097 quaestio
1621 1051 1780 1086 nondum
1805 1050 1911 1085 finita
1937 1051 2003 1091 est,
2029 1062 2153 1094 quam-

221 1128 332 1161 quam
364 1115 474 1151 multi
502 1114 572 1150 viri
599 1113 701 1150 docti
725 1117 768 1149 ut
795 1112 980 1153 Vesmius,
1007 1111 1163 1153 Calisse,
1190 1111 1398 1152 Tamassia‚
1425 1109 1672 1155 ChiapelliuS,
1700 1109 1767 1144 Del
1793 1109 1963 1152 Giudice,
1991 1110 2154 1153 patena,

221 1174 372 1210 Zeumer
396 1185 441 1209 ea
467 1173 511 1208 de
537 1185 576 1208 re
602 1172 800 1218 egerunt.⁸)
840 1170 1027 1216 Imprimis
1052 1169 1423 1204 animadvertendum
1447 1170 1514 1209 est,
1540 1170 1582 1203 ut
1608 1167 1758 1202 Zeumer
1783 1179 1847 1201 nos
1873 1166 2009 1207 docuit,
2035 1178 2154 1211 neque

223 1231 345 1278 legem
363 1231 568 1266 Romanam
583 1230 864 1275 Visigothorum
889 1240 1008 1273 neque
1027 1226 1324 1263 Theodosianum
1350 1225 1538 1272 integrum
1564 1226 1627 1260 sed
1645 1224 1837 1269 antiquam
1859 1224 2044 1268 quandam
2060 1223 2155 1258 Visi-

220 1289 419 1335 gothorum
456 1289 578 1334 legem
615 1287 726 1323 hodie
764 1287 1012 1333 deperditam,
1052 1296 1147 1330 quae
1184 1284 1267 1330 ipsa
1299 1283 1556 1319 Theodosiauo
1587 1283 1748 1329 genuino
1780 1281 1977 1322 niteretur,
2015 1282 2154 1316 fontem

221 1346 359 1392 capitis
388 1348 452 1382 178
477 1346 593 1383 edicti
619 1345 777 1382 Rhotari
807 1345 967 1389 fuisse.⁹)
1017 1345 1148 1389 Neque
1175 1343 1287 1379 Roth.
1314 1344 1368 1385 32,
1391 1343 1466 1383 182,
1484 1343 1551 1377 388
1576 1353 1695 1386 neque
1722 1340 1846 1385 Liutp.
1865 1341 1919 1381 33,
1945 1340 2006 1374 119
2039 1351 2154 1383 neque

221 1405 322 1440 Aest.
344 1407 384 1439 14
410 1405 458 1440 ad
477 1404 709 1440 Breviarium
734 1403 925 1439 referenda
950 1404 1046 1444 sunt,
1073 1405 1114 1437 at
1132 1402 1228 1437 Liut.
1251 1403 1291 1436 16
1309 1413 1353 1437 ex
1380 1399 1648 1436 constitutione
1667 1398 1828 1444 quadam
1853 1397 1948 1443 legis
1966 1397 2155 1432 Romanae

222 1461 503 1508 visigothorum
528 1462 599 1508 [Br.
619 1462 687 1497 Th.
706 1463 753 1504 II,
772 1462 827 1506 27,
848 1462 879 1507 1]
905 1463 1083 1497 haustum
1107 1472 1185 1497 esse
1210 1460 1339 1506 negari
1364 1471 1437 1495 non
1462 1460 1648 1505 potest.¹⁰)

337 1531 460 1567 Etiam
502 1544 607 1567 usum
649 1532 830 1567 forensem
867 1530 1059 1567 Breviario
1100 1532 1187 1565 ante
1232 1528 1524 1564 dominationem
1561 1528 1783 1562 Francorum
1821 1526 2007 1570 quendam
2043 1524 2156 1559 fuisse

221 1589 431 1634 Patettau)
455 1602 525 1625 non
553 1589 701 1624 omnino
728 1589 894 1624 excludit
919 1588 1109 1623 arbitrans
1133 1587 1243 1622 huius
1270 1585 1491 1632 compendii,
1518 1585 1578 1620 cui
1603 1597 1690 1619 usus
1714 1583 1896 1619 maximus
1921 1583 2017 1618 inter
2039 1582 2155 1627 regio-

221 1659 287 1683 nes
312 1646 447 1683 Italiae
474 1647 662 1693 proximas
693 1646 781 1684 fuit.
813 1646 990 1682 notitiam
1021 1645 1136 1681 etiam
1169 1645 1216 1680 ad
1242 1645 1358 1681 Italos
1384 1647 1613 1690 penetrasse,
1649 1641 1867 1688 praesertim
1900 1652 1982 1675 cum
2016 1639 2157 1674 ibidem

223 1705 472 1741 Theodosiaui
497 1705 651 1752 genuini
684 1708 963 1749 ceterorumque
988 1704 1078 1739 iuris
1104 1702 1399 1739 Anteiustiniani
1424 1702 1602 1737 librorum
1626 1712 1713 1735 usus
1737 1699 1842 1734 brevi
1873 1701 2040 1743 tempore
2063 1696 2157 1742 regi-

222 1762 334 1798 minis
358 1763 558 1808 Byza-ntini
583 1775 657 1799 non
682 1762 831 1798 omnino
857 1761 1112 1807 evanuerit.¹²)
1163 1761 1231 1797 Cui
1257 1759 1425 1806 opinioni
1449 1760 1550 1795 haud
1576 1758 1748 1794 assentio.

340 1833 431 1868 Post
456 1832 685 1868 invasionem
714 1833 937 1867 Francorum
962 1831 1134 1873 Romani,
1166 1830 1231 1876 qui
1262 1843 1306 1866 ex
1332 1829 1502 1875 partibus
1528 1827 1706 1862 Franciae
1734 1826 1771 1861 in
1796 1825 1946 1861 Italiam
1975 1825 2156 1870 migrave-

221 1894 307 1926 rant
343 1890 489 1936 ibique,
528 1891 650 1936 quoad
695 1891 859 1926 rationes
895 1890 986 1926 iuris
1026 1889 1181 1936 originis
1215 1888 1468 1924 observandae
1506 1889 1608 1928 sunt,
1650 1886 1733 1932 lege
1764 1885 1931 1919 Romana
1967 1882 2156 1923 vivebant,

223 1960 267 1984 ex
292 1948 418 1994 patria
444 1961 510 1994 sua
539 1949 768 1985 Breviarium
794 1951 1058 1996 cognoverunt.
1107 1950 1234 1992 Aeque
1261 1946 1441 1982 officiales
1466 1946 1700 1987 Francorum,
1727 1955 1881 1988 quorum
1907 1953 2078 1976 numerus
2105 1939 2158 1975 ibi

223 2006 324 2042 haud
349 2018 486 2052 parvus
511 2007 594 2049 fuit,
620 2007 651 2042 si
677 2007 715 2042 in
743 2007 979 2042 conficiendis
1004 2005 1154 2041 iudiciis
1179 2005 1381 2041 secundum
1406 2004 1529 2050 legem
1547 2003 1752 2038 Romanam
1771 2000 2040 2036 decernendum
2065 2001 2156 2039 erat,

224 2076 450 2110 quamquam
474 2065 515 2100 in
540 2065 654 2101 Italia
679 2064 746 2100 alii
770 2065 860 2100 iuris
881 2064 1039 2099 Romani
1066 2063 1153 2099 libri
1179 2063 1217 2098 in
1243 2075 1310 2098 usu
1336 2064 1497 2103 fuerunt,
1523 2061 1711 2096 interdum
1736 2057 1967 2094 Breviarium
1995 2057 2053 2092 vel
2080 2056 2157 2091 eius

225 2123 485 2168 compendium
519 2123 721 2168 quoddam,
757 2123 855 2168 quod
889 2122 968 2158 iure
992 2122 1160 2157 Romano
1187 2121 1321 2156 Italico
1355 2119 1488 2155 melius
1521 2118 1810 2163 intellegebant,
1845 2115 2156 2158 adhibueru11t.¹³)

223 2180 295 2216 Sed
329 2181 559 2216 Breviarium
597 2181 635 2216 in
672 2181 776 2216 nulla
811 2181 948 2217 Italiae
985 2183 1092 2226 parte
1125 2179 1244 2226 legis
1281 2178 1356 2214 vim
1391 2177 1538 2223 accepit
1574 2176 1715 2220 illaque
1753 2173 1891 2209 codicis
1923 2171 2158 2208 Ambrosiani

223 2238 266 2274 A.
285 2239 331 2274 46
356 2238 420 2274 inf.
457 2240 625 2275 clausula
663 2238 770 2275 nobis
806 2239 949 2274 indicat
987 2238 1234 2274 confectorem
1266 2236 1470 2278 clausulae,
1509 2234 1540 2270 si
1576 2234 1658 2280 ipse
1690 2235 1733 2268 ut
1765 2235 1857 2278 puto
1890 2231 2044 2267 Italicus
2074 2230 2155 2271 fuit,

226 2309 308 2332 cum
339 2297 468 2333 multis
500 2297 586 2333 aliis
617 2297 883 2342 coaequalibus
913 2296 988 2332 suis
1021 2296 1205 2342 cogitasse
1230 2294 1462 2330 Breviarium
1493 2305 1514 2328 a
1540 2293 1670 2328 Carolo
1696 2292 1833 2337 Magno
1862 2291 1900 2325 in
1925 2290 2028 2335 leges
2052 2287 2157 2334 regni

224 2355 457 2397 Francorum,
482 2355 633 2390 minime
660 2355 876 2390 Italicorum
901 2357 1094 2400 receptum
1120 2366 1207 2389 esse.
1251 2353 1329 2393 Quo
1354 2353 1436 2388 loco
1463 2351 1493 2387 si
1518 2350 1633 2387 etiam
1660 2349 1857 2395 Pippinum
1883 2349 2154 2387 commemorat,

344 2474 368 2512 ¹)
393 2474 525 2506 Haenel
551 2474 651 2506 LRV.
677 2474 810 2517 Proleg.
838 2474 982 2506 XCVIII
1000 2485 1047 2516 sq.
1075 2472 1152 2515 (No.
1182 2470 1251 2514 46).

341 2530 370 2574 ²)
395 2531 536 2574 Fitting,
562 2531 799 2574 Brachylogus
823 2529 919 2564 21³⁶.

341 2587 368 2630 ³)
395 2589 464 2621 Cfr.
487 2589 664 2632 Schupfer,
690 2588 876 2622 Manuale³
902 2590 918 2621 I
942 2600 975 2632 p.
995 2587 1060 2621 189
1073 2598 1121 2629 sq.
1149 2586 1185 2619 et
1210 2597 1314 2630 opera
1339 2586 1412 2618 eius
1436 2585 1562 2617 ibidem
1588 2584 1748 2626 allegata.

341 2646 369 2688 4-)
395 2647 544 2688 Calisse,
576 2645 606 2679 Il
635 2647 750 2679 diritto
787 2647 820 2679 di
851 2647 1016 2679 Teodosio
1050 2646 1085 2678 in
1121 2645 1232 2677 Italia.
1288 2644 1465 2676 Annuario
1502 2642 1590 2674 della
1625 2653 1652 2673 r.
1682 2639 1871 2673 universita
1909 2638 1942 2670 di
1978 2639 2156 2669 Maoerata

227 2691 390 2733 1888l893
415 2693 523 2725 Flach
551 2693 634 2726 115¹
662 2698 695 2726 et
724 2692 823 2733 12343
851 2693 1002 2734 Salvioli,
1029 2691 1214 2724 Manuale³
1241 2689 1360 2731 (1899)
1387 2689 1441 2722 54.

341 2750 368 2792 ⁵)
394 2750 530 2789 Ficker,
565 2751 811 2792 Forschungen
836 2762 896 2783 zur
920 2751 1062 2783 Reichs-
1086 2750 1158 2782 und
1182 2748 1505 2791 Rechtsgeschichte
1531 2747 1670 2779 Italiens
1696 2746 1754 2784 III,
1774 2742 1817 2777 67
1844 2747 1877 2775 et
1908 2742 2046 2774 IOeGF.
2075 2746 2152 2773 tom.

224 2796 336 2839 suppl.
355 2798 397 2835 II,
416 2795 460 2828 44
473 2808 541 2839 sq.;
567 2798 724 2829 Brunner
749 2796 777 2836 I,
799 2795 875 2829 360.

342 2853 370 2892 ⁸)
393 2854 529 2886 Patetta
552 2854 625 2885 AG.
650 2854 788 2892 XLVII,
809 2853 825 2885 1
841 2865 908 2895 sq.;
934 2854 1033 2893 idem,
1058 2850 1199 2895 Digesto
1224 2852 1370 2884 Italiano
1394 2851 1435 2887 V.
1453 2849 1518 2881 977
1534 2850 1557 2882 ⁵.

342 2911 369 2951 ⁷)
395 2911 574 2943 Gaudenzi
603 2910 745 2943 ZfRG.²
774 2911 848 2950 VII,
868 2909 910 2942 46
929 2921 997 2951 sq.;
1037 2912 1195 2942 Brunner
1225 2907 1352 2950 1,3‹;5;
1390 2906 1598 2940 Schroeder⁴
1622 2903 1690 2937 240
1727 2902 1857 2947 [paullo
1890 2907 1963 2945 post
1999 2913 2028 2934 a.
2054 2898 2153 2943 512];

225 2957 352 2998 Amira,
375 2957 562 2990 Grundriss
586 2956 644 2988 des
667 2957 929 2998 germanischen
945 2956 1091 2988 Rechtes
1114 2955 1165 2988 ed.
1180 2956 1222 2993 11,
1240 2966 1272 2997 p.
1290 2954 1342 2986 13.
1380 2954 1506 2986 Contra
1524 2954 1657 2984 Patetta
1680 2952 1714 2982 in
1729 2950 1801 2982 Atti
1817 2951 1896 2981 Tor.
1910 2949 2068 2987 XXVIII,
2085 2947 2151 2979 552

225 3001 270 3046 [a.
289 3001 388 3046 5⁶24];
413 3004 472 3035 cfr.
499 3002 652 3035 Schmidt
675 3002 711 3034 in
736 3002 878 3035 ZfRG.²
903 3003 994 3044 XVI,
1012 3000 1079 3034 248
1093 3013 1142 3044 sq.

343 3059 371 3102 ⁸)
396 3061 457 3092 cfr.
483 3061 616 3092 Patetta
641 3059 712 3092 AG.
739 3060 878 3099 XLVII,
897 3057 933 3100 83
960 3061 1104 3092 Zeumer
1129 3058 1200 3090 NA.
1226 3057 1350 3096 XXIV,
1371 3054 1449 3089 584.

343 3116 370 3160 ⁹)
393 3118 538 3151 Zeumer
561 3117 634 3149 NA.
658 3116 679 3148 l.
699 3127 726 3149 0.

326 3172 370 3215 ¹⁰)
394 3174 531 3206 Patetta
556 3174 629 3206 AG.
654 3173 793 3213 XLVII,
811 3170 892 3214 9sq.

329 3229 374 3273 ¹²)
399 3231 422 3263 l.
440 3241 469 3264 c.
497 3228 539 3262 12
563 3231 600 3263 in
623 3231 701 3263 fine.
881 3264 883 3266 ,

329 3286 374 3330 1²)
397 3288 466 3321 Cfr.
491 3287 618 3321 Calisse
642 3287 664 3320 l.
683 3298 711 3320 0.
736 3285 781 3320 23
794 3297 843 3328 sq.

329 3345 374 3388 ¹³)
399 3346 527 3379 Conrat
550 3347 576 3388 I,
593 3343 638 3379 46
655 3356 705 3388 sq.

2191 761 2278 794 Ante
2290 762 2464 794 introitum

2213 808 2442 841 1«’«ι-ιιηεοηι«ηι.

2251 878 2407 910 Edictum

2224 924 2433 957 leodorici.

2192 1058 2296 1098 Leycs
2331 1057 2464 1099 Lan-qo-

2226 1104 2424 1136 bardvrmn.

2277 1831 2359 1863 Post

2215 1877 2326 1909 invasi
2328 1888 2423 1909 onem

2202 1923 2430 1956 Francorum.
