2485 3615
1163 146 1204 152 —
1254 124 1389 160 LXXII
1438 146 1481 151 ——

390 236 420 270 5.
448 232 697 270 Theodosi-ani
736 232 896 268 breviati
934 231 998 276 qui
1032 230 1199 275 sequitur
1234 229 1329 264 liber
1365 228 1505 274 primus
1540 228 1834 275 praescriptione
1867 232 1983 271 caret,
2024 229 2158 275 reliqui
2192 230 2288 266 solos

447 304 616 328 numeros
643 291 894 337 praescriptos
919 290 1058 325 habent
1085 288 1249 331 itemque
1276 286 1506 332 subscriptos
1537 287 1585 321 ad
1610 287 1706 322 hanc
1732 288 1903 323 formam:
1936 281 2016 332 13εῇ11
2041 289 2096 323 lib.
2115 288 2140 332 i,
2165 288 2290 332 incipit

449 350 534 384 liber
558 350 585 383 ii
610 352 646 384 et
672 349 724 383 sic
755 348 940 392 deinceps,
967 345 1039 380 nisi
1064 345 1162 389 quod
1187 343 1226 378 111
1250 344 1320 378 fine
1346 344 1500 389 legitur:
1531 344 1771 379 leeodosiani
1793 346 2088 381 constitutionum
2113 346 2168 380 lib.
2189 345 2297 380 XVI

446 407 640 451 expliciunt
670 406 828 449 feliciter.
879 403 1027 438 Excidit
1053 400 1250 446 quaternio
1278 401 1366 443 XII,
1398 413 1469 446 quo
1502 401 1790 437 continebantur
1819 415 1914 447 quae
1940 406 2026 439 sunt
2058 415 2079 438 a
2103 402 2289 447 9,19,1‚8

446 466 566 507 factus
589 464 736 498 decurio
762 463 808 497 ad
834 464 865 502 9,
880 462 934 501 42,
952 461 992 495 17
1014 460 1297 504 proscriptorum
1320 470 1401 494 rem.

390 534 420 567 6.
448 533 658 577 Sequuntur
690 530 865 566 breviarii
897 530 1043 575 reliqua
1076 529 1277 571 Novellae,
1304 528 1436 569 Gaius,
1470 528 1625 571 Paulus,
1659 529 1925 575 Gregorianus,
1959 529 2288 576 HermogenianuS,

448 589 695 635 Papinianus:
721 587 991 632 subscriptum:
1018 590 1083 631 ecc-p
1110 587 1195 622 liber
1218 587 1386 622 iuriticus
1412 597 1455 622 ea:
1481 586 1696 622 dz‘rersormn
1720 589 1900 623 sententiis
1924 588 2133 623 elucidatas.

355 684 507 719 Praeter
534 680 759 717 breviarium
789 691 867 715 esse
901 679 939 714 in
964 679 1060 715 libro
1086 680 1188 725 leges
1215 679 1393 720 Salicam.
1428 679 1738 720 Alamannorum,
1767 679 2000 724 Ripuariam,
2026 680 2117 715 item
2145 679 2289 726 capitu-

356 740 450 775 laria
468 739 650 784 quaedam
675 741 717 773 ut
742 750 785 773 ex
803 749 915 783 supra
933 736 1044 771 dictis
1069 739 1239 782 apparet,
1258 736 1313 771 ita
1331 736 1406 771 suis
1424 736 1515 771 10015
1533 736 1580 771 ab
1599 737 1729 771 horum
1748 736 1954 773 editoribus
1971 738 2133 773 relatum
2159 740 2224 773 est.
2244 757 2289 762 —

355 797 567 842 Scripturae
601 795 788 842 specimen
822 794 927 831 dedit
953 794 1119 830 Pertzius
1152 794 1232 829 MG.
1257 794 1328 840 leg.
1354 794 1424 829 vol.
1446 795 1461 828 1
1496 793 1573 829 tab.
1594 795 1622 835 1,
1638 795 1669 828 5.
1730 795 1788 829 Ad
1813 794 2010 840 archetypi
2035 795 2291 831 litteraturam

355 854 459 890 ducit
477 854 575 898 quod
595 855 646 895 11,
662 853 762 894 38,1‚
778 854 799 888 2
826 865 891 898 pro
913 853 1054 897 yemino
1080 852 1221 898 legitur
1244 852 1383 886 semino.
1411 872 1453 877 —
1480 851 1746 897 Inscriptiones
1772 855 1810 887 et
1835 852 2128 898 subscriptiones
2154 853 2288 899 plenae

356 913 429 947 fere
455 914 550 953 sunt,
577 910 649 945 nisi
667 910 765 954 quod
784 909 822 944 111
840 909 899 944 1115
916 912 1121 946 extremum
1147 920 1257 944 conss.
1284 910 1502 954 plerumque
1528 909 1726 951 omittitur,
1753 909 1792 944 id
1817 910 1916 954 quod
1941 909 1980 944 in
2005 913 2193 956 apparatu
2218 922 2291 946 non

352 970 564 1004 adnotatur.
614 968 667 1003 De
695 967 924 1013 compendiis
956 969 994 1003 et
1029 968 1072 1002 de
1105 966 1394 1012 orthographia,
1421 978 1516 1011 quae
1549 970 1725 1012 corrupta
1750 969 1805 1003 est
1837 966 2012 1005 similiter
2037 970 2150 1012 atque
2175 967 2215 1002 in
2240 968 2290 1010 H,

353 1038 475 1072 pauca
508 1037 603 1069 quae
637 1025 867 1060 observanda
901 1025 1126 1061 videbantur
1157 1024 1195 1059 in
1221 1024 1345 1070 capite
1379 1036 1474 1060 110110
1505 1024 1752 1061 invenientur.
1791 1046 1834 1050 —
1872 1025 1985 1060 Liber
2018 1025 2217 1070 primarius
2247 1037 2291 1061 eo

353 1094 498 1128 quoque
525 1082 815 1124 commendatur,
834 1083 932 1127 quod
958 1082 1255 1118 emendationem
1281 1094 1410 1118 manus
1437 1082 1581 1118 alienae
1607 1083 1749 1118 nullam
1776 1082 1894 1118 subiit
1919 1087 1957 1118 et
1990 1083 2038 1118 ad
2063 1082 2290 1119 breviarium

353 1153 448 1186 qua-e
474 1140 716 1187 pertinebant
742 1140 951 1185 antiquitus
977 1153 1021 1176 ea
1046 1139 1222 1176 librarius
1247 1152 1319 1175 non
1346 1140 1482 1176 minuit
1506 1140 1580 1175 nisi
1605 1152 1676 1176 11110
1702 1141 1783 1176 1000
1811 1140 1946 1176 omissa
1974 1141 2144 1176 clausula
2167 1141 2200 1183 4,
2211 1141 2244 1184 4,
2259 1142 2290 1183 7,

353 1211 466 1243 quam
499 1198 580 1244 ipse
614 1199 797 1244 interpres
829 1198 1025 1234 adnotavit
1059 1198 1232 1234 inutilem
1263 1209 1357 1239 esse,
1391 1198 1494 1233 nullo
1525 1200 1652 1234 autem
1685 1199 1766 1234 loco
1797 1198 1904 1234 auxit
1939 1199 1997 1243 (de
2027 1199 2078 1243 16,
2091 1199 2160 1243 4‚2
2191 1202 2291 1235 errat

353 1257 494 1293 Haeuel
520 1257 620 1292 brev.
646 1270 682 1302 p.
702 1257 812 1300 XIX).
840 1277 882 1282 —-
910 1256 1143 1292 Contulimus
1169 1256 1308 1291 Paulus
1338 1256 1504 1302 Krueger
1530 1255 1629 1298 olim,
1655 1268 1774 1302 nuper
1799 1256 1952 1292 missum
1969 1255 2185 1293 Berolinum
2210 1268 2291 1303 ego.

299 1388 332 1420 B
472 1383 814 1420 Wallersteinensis
841 1384 884 1418 cl.
906 1385 922 1418 1
950 1384 1023 1418 11.2
1050 1384 1206 1427 (Haenel
1235 1385 1275 1418 19
1301 1400 1343 1413 =
1370 1384 1445 1427 18),
1481 1395 1575 1419 saec.
1596 1384 1627 1418 X
1659 1385 1805 1429 emptus
1832 1383 1984 1419 Parisiis
2016 1383 2091 1419 iam
2121 1386 2292 1420 servatur

355 1443 572 1489 Maihingen
609 1453 724 1488 prope
756 1441 1078 1487 Markt-Offingen
1113 1442 1150 1476 111
1186 1441 1419 1477 bibliotheca
1452 1441 1664 1487 principum
1696 1441 2184 1488 Oettingen-VVallerstein,
2223 1442 2290 1477 sub

354 1501 586 1547 praescripto
610 1501 710 1535 s.1v:
738 1499 919 1544 incipiunt
943 1500 1042 1534 tituli
1067 1500 1181 1543 leym-m
1208 1510 1251 1534 ex
1274 1510 1419 1544 corpore
1444 1499 1684 1534 Theodosiani
1711 1500 1898 1544 explanat-i
1922 1499 2090 1535 rubricas
2114 1499 2292 1545 proponit

354 1559 530 1594 breviarii
572 1558 705 1598 totius3
747 1557 793 1592 iis
829 1557 1081 1602 subscriptum
1118 1560 1190 1593 est:
1225 1558 1365 1602 explicit
1404 1557 1617 1592 breviarium
1657 1557 1698 1591 de
1733 1557 1878 1592 dirersis
1919 1557 2047 1592 causis.
2106 1556 2291 1593 Rubricae

354 1616 392 1651 in
435 1617 517 1662 ipso
560 1615 685 1652 codice
731 1618 971 1650 numerantur
1009 1627 1109 1650 more
1154 1614 1282 1655 solito;
1325 1614 1435 1650 index
1473 1626 1599 1650 earum
1642 1626 1812 1650 numeros
1863 1627 1945 1650 cum
1992 1614 2185 1651 continuet
2226 1627 2293 1661 per

354 1673 580 1709 breviarium
617 1673 844 1715 universum,
885 1675 1074 1718 postrema
1110 1672 1165 1708 ita
1196 1675 1377 1718 concepta
1410 1676 1482 1708 est:
1516 1666 1598 1716 inc—12
1628 1673 1754 1707 titulus
1782 1672 1955 1717 Papiani.
1983 1672 2291 1708 OGGXLVIIII.

355 1731 413 1766 De
433 1732 549 1775 pactis
575 1732 666 1766 int-er
689 1731 804 1766 cirum
829 1734 860 1765 et
885 1741 1041 1765 umorem.
1079 1730 1294 1766 Auctoritas
1319 1730 1460 1766 Alarici
1486 1731 1534 1766 ab
1560 1731 1629 1766 hoc
1656 1730 1783 1767 codice
1810 1730 1917 1767 afuit.
1953 1730 2292 1767 Constitutionibus

355 1789 637 1834 praescribitur:
664 1782 764 1834 inoff)
791 1781 839 1823 ld}
861 1788 1099 1823 Theodosiana·
1120 1789 1278 1832 primus5
1303 1788 1556 1834 subscriptum
1580 1788 1615 1823 ei
1640 1788 1753 1823 libro:
1781 1789 1925 1833 explicit
1946 1788 2187 1823 Theodosium
2211 1788 2293 1823 liber

348 1848 489 1892 primus
514 1846 760 1892 similiterque
794 1848 998 1891 conceptae
1034 1849 1120 1882 sunt
1150 1846 1414 1892 inscriptiones
1446 1846 1811 1892 subscriptionesque
1844 1846 2023 1882 librorum
2053 1845 2290 1891 reliquorum.

354 1904 456 1939 Finit
481 1905 653 1941 volumen
676 1905 851 1939 mutilum
876 1905 953 1947 9‚9‚
973 1905 1001 1947 1,
1018 1905 1037 1939 7
1064 1904 1101 1939 in
1130 1905 1266 1940 verbis:
1294 1905 1407 1940 amati
1432 1905 1594 1940 abscessu
1611 1904 1768 1949 defleant.
1790 1926 1825 1930 —
1843 1903 2016 1940 Codicem
2034 1903 2292 1940 transmissum

355 1962 568 1998 Berolinum
595 1962 737 1998 contuli
763 1962 854 2008 ipse.

300 2089 330 2121 G
472 2085 664 2120 Gothanus
690 2085 752 2119 fol.
778 2097 812 2119 11.
831 2084 876 2119 84
901 2085 1057 2127 (Haenel
1082 2084 1127 2119 20
1146 2100 1187 2114 =
1208 2086 1259 2129 7),
1286 2086 1398 2120 antea
1423 2084 1739 2131 Mogontiacensis
1764 2085 1800 2129 (f.
1823 2085 1851 2119 1¹
1878 2084 2100 2130 inscriptum
2127 2087 2200 2120 est:
2226 2084 2292 2119 iste

356 2142 441 2177 liber
459 2143 612 2186 pertinet
636 2142 686 2177 ad
710 2143 895 2177 librariam
920 2154 946 2177 s.
968 2143 1125 2177 Martini
1149 2143 1309 2177 eeclesiae
1329 2143 1640 2188 Moyuntincensis
1664 2142 1717 2177 M.
1743 2142 1916 2177 Sinclieus
1939 2153 1991 2187 sp.
2011 2144 2108 2187 1479)
2134 2153 2228 2178 saec.
2250 2142 2293 2183 X,

357 2200 589 2236 Breviarium
621 2199 787 2236 continet
817 2212 891 2235 una
923 2212 1006 2235 cum
1036 2199 1185 2245 legibus
1210 2200 1438 2236 Germanicis
1472 2199 1631 2244 aliisque
1663 2200 1819 2245 (Haenel
1845 2200 1868 2234 l.
1889 2201 1941 2244 c.).
1991 2200 2085 2235 Fuse
2122 2200 2166 2236 de
2197 2199 2294 2235 libro

357 2261 511 2304 egerunt
546 2258 687 2294 Merkel
720 2258 821 2303 apud
853 2257 1039 2293 Pertzium
1065 2258 1195 2292 Archiv
1221 2258 1259 2292 11
1288 2270 1321 2303 p.
1338 2258 1406 2293 604
1420 2270 1495 2302 seq.
1519 2259 1557 2293 et
1579 2257 1711 2293 Blume
1735 2257 1995 2293 MG.LL.1111
2020 2269 2056 2303 p.
2074 2257 2187 2292 XLII.
2227 2257 2296 2293 De-

356 2317 517 2361 scriptus
543 2319 600 2352 est
624 2328 668 2352 ex
695 2316 837 2351 duobus
863 2315 1080 2360 archetypis
1105 2315 1256 2360 scriptis
1283 2315 1384 2350 iussu
1405 2315 1582 2351 Everardi
1609 2314 1756 2350 comitis
1775 2314 2030 2351 Foriiuliensis
2055 2317 2093 2351 et
2117 2313 2157 2349 in
2181 2316 2294 2350 testa-

356 2377 481 2410 mento
513 2373 590 2409 eius
621 2373 771 2409 condito
803 2385 834 2408 a,
854 2373 921 2408 867
955 2373 1110 2415 (Becker
1141 2373 1252 2408 catal.
1278 2386 1312 2408 n.
1333 2374 1374 2408 12
1400 2386 1434 2418 p.
1453 2374 1510 2417 29)
1544 2373 1620 2408 filio
1646 2373 1794 2408 Unroch
1825 2373 1978 2419 legatis,
2011 2384 2167 2417 quorum
2198 2372 2296 2408 alter

358 2432 678 2477 complectebatur
701 2431 850 2466 ‘librum
883 2431 928 2466 de
954 2432 1038 2477 lege
1063 2431 1287 2467 Francorum
1312 2433 1350 2467 et
1374 2430 1635 2477 Ripuariorum
1664 2434 1701 2466 et
1728 2430 2055 2475 Langobardorum
2084 2431 2123 2465 et
2147 2429 2295 2465 Alama—

356 2501 487 2524 norum
517 2491 554 2525 et
585 2488 851 2531 Bavariorum',
891 2489 987 2525 alter
1019 2489 1170 2524 ‘librum
1207 2490 1251 2525 de
1286 2488 1616 2524 constitutionibus
1651 2487 1865 2534 principum
1900 2490 1938 2524 et
1971 2487 2104 2523 edictis
2139 2486 2295 2532 impera-

358 2547 500 2583 torum'.
551 2546 726 2582 Continet
757 2547 780 2582 f.
805 2547 1001 2582 224—‘284
1027 2546 1327 2582 Theodosianum
1361 2546 1588 2592 descriptum
1623 2557 1666 2581 ex
1698 2546 1903 2591 archetypo
1935 2545 2174 2591 imperfecto,
2207 2557 2295 2580 nam

357 2604 457 2640 foliis
476 2604 602 2639 vacuis
624 2604 857 2651 interpositis
883 2604 1009 2640 deficit
1033 2608 1159 2640 textus
1184 2606 1215 2648 3,
1230 2606 1259 2647 7,
1272 2605 1337 2646 2,6
1363 2605 1400 2640 111
1420 2605 1540 2641 verbis
1568 2605 1651 2650 legis
1674 2604 1794 2647 Ιιίιίἰιε,
1818 2603 1963 2639 rediens
1979 2604 2012 2646 4,
2026 2603 2057 2646 8,
2072 2604 2103 2645 5,
2131 2615 2166 2648 p.
2183 2602 2259 2645 182,
2275 2604 2292 2637 1

358 2663 395 2697 in
422 2662 544 2698 verbis
568 2667 673 2698 ermzt
698 2675 720 2696 a
744 2664 885 2698 multae.
927 2662 1057 2698 Libros
1076 2663 1164 2697 XIII
1182 2666 1220 2698 et
1244 2663 1330 2697 XIV
1347 2665 1386 2699 et
1408 2663 1475 2697 XV
1494 2674 1609 2707 usque
1635 2663 1683 2698 ad
1708 2660 2057 2707 interpretationem
2082 2660 2142 2696 tit.
2163 2662 2178 2695 1
2206 2660 2230 2695 l.
2248 2659 2296 2695 32

358 2732 477 2755 errore
503 2720 678 2756 librarius
703 2720 761 2756 bis
787 2720 948 2766 scripsit.
976 2741 1017 2745 —
1044 2720 1198 2756 Omissis
1229 2723 1266 2756 et
1298 2720 1383 2756 aliis
1415 2723 1452 2756 et
1484 2720 1565 2766 ipso
1591 2720 1823 2756 rubricarum
1856 2719 1979 2755 indice
2010 2719 2125 2754 codex
2157 2717 2295 2763 incipit

359 2789 381 2812 a
408 2778 528 2814 verbis
552 2778 681 2823 incipit
705 2779 788 2813 liber
808 2777 1062 2822 Theodosiani,
1090 2779 1137 2814 ad
1163 2790 1258 2823 quae
1289 2781 1421 2823 postea
1447 2778 1596 2814 adiecta
1621 2781 1708 2814 sunt
1733 2779 1842 2814 haec:
1877 2778 1964 2813 liber
1982 2777 2124 2822 primus
2147 2777 2190 2811 de
2213 2787 2295 2812 con-

359 2836 603 2871 stitutionibus
623 2836 830 2881 principum
857 2839 888 2871 et
913 2836 1047 2880 edictis,
1079 2848 1173 2881 quae
1200 2840 1256 2872 est
1284 2836 1433 2871 rubrica
1459 2836 1590 2882 prima.
1640 2836 1900 2882 Subscriptum
1924 2837 1981 2870 est
2005 2833 2165 2881 singulis
2190 2834 2295 2870 libris

360 2893 499 2936 ea‘plicit
522 2894 607 2928 liber
622 2894 776 2938 primns,
802 2894 927 2938 incipit
950 2893 1126 2929 secundus
1151 2896 1189 2930 et
1215 2894 1267 2929 sic
1285 2893 1470 2940 deinceps
1498 2894 1587 2930 item
1613 2894 1651 2928 in
1675 2894 1746 2930 fine
1771 2893 1910 2938 explicit
1933 2893 2020 2928 liber
2039 2892 2147 2936 XVI,
2171 2892 2297 2936 incipit

359 2950 446 2985 liber
469 2951 568 2985 tituli
593 2951 674 2995 (sic)
701 2951 814 2995 leyum
838 2952 1053 2986 owvellarum
1079 2952 1153 2986 clivi
1176 2952 1373 2987 Theodosii.
1399 2973 1444 2977 —
1470 2951 1703 2987 Breviarium
1727 2951 1866 2997 ipsum,
1892 2950 1991 2995 quod
2015 2949 2098 2985 finit
2121 2950 2146 2985 f.
2164 2948 2233 2985 334
2257 2949 2296 2984 111

362 3008 483 3043 verbis
508 3008 798 3054 Hermogeniani
824 3021 859 3054 p.
878 3009 955 3050 234,
972 3010 1013 3044 15
1040 3010 1102 3044 Kr.
1127 3009 1296 3052 defuncto
1319 3010 1382 3053 qni
1407 3020 1450 3044 ecc
1476 3009 1644 3054 proprio,
1676 3008 1948 3054 subscriptione
1981 3010 2084 3043 caret
2114 3006 2296 3051 sequitur-

360 3076 430 3109 que
458 3065 633 3101 continuo
659 3069 841 3102 commate
873 3066 975 3101 nullo
1007 3068 1201 3112 separatus
1227 3068 1413 3102 tractatus
1445 3067 1489 3102 de
1516 3066 1658 3112 origine
1685 3066 2024 3112 Langobardorum.
2051 3085 2094 3090 ——
2119 3064 2152 3099 A
2175 3064 2295 3100 brevi-

362 3122 439 3157 ario
458 3122 598 3158 Alarici
623 3123 747 3159 aliena
772 3124 886 3159 codex
911 3124 1015 3158 nulla
1039 3124 1157 3159 habet
1181 3123 1347 3169 exceptis
1366 3123 1510 3160 duabus
1535 3122 1865 3159 constitutionibus
1882 3122 1970 3158 libri
1989 3121 2143 3158 extremi
2163 3121 2216 3163 16,
2229 3122 2296 3165 9‚4

362 3182 396 3214 ct
427 3180 593 3224 16,11‚3.
624 3201 661 3206 -
691 3181 813 3217 Codex
844 3184 885 3216 ut
915 3181 1200 3227 diligentissime
1234 3182 1450 3217 emendatus
1484 3183 1556 3223 est,
1589 3181 1645 3216 ita
1677 3192 1826 3216 manum
1859 3180 2020 3216 alienam
2049 3191 2121 3214 non
2148 3178 2296 3214 videtur

362 3236 534 3279 subiisse,
566 3239 629 3274 sed
655 3238 836 3283 quidquid
863 3242 1066 3274 correctum
1093 3242 1149 3274 est
1174 3240 1269 3284 (Gb)
1298 3240 1355 3275 vel
1383 3240 1429 3274 ad
1456 3241 1600 3274 textum
1627 3239 1715 3283 (Gt)
1741 3238 1973 3284 adscriptum
1997 3236 2108 3281 (GV),
2135 3248 2157 3272 a
2181 3236 2294 3282 primi

363 3293 505 3328 librarii
531 3307 641 3330 11111110
667 3295 862 3341 proficisci.
889 3317 931 3321 -α
956 3296 1217 3332 Adhibuerunt
1243 3296 1408 3332 codicem
1434 3296 1574 3341 primus
1601 3295 1801 3331 Siehardus
1827 3307 1869 3332 eo
1895 3297 2062 3341 tempore
2087 3293 2295 3340 Mogontia-

364 3362 523 3393 censcm,
555 3364 724 3396 quaeque
756 3352 793 3387 111
819 3353 946 3389 codice
972 3354 1175 3389 Basilcensi
1209 3366 1290 3389 cum
1324 3354 1486 3389 editione
1516 3366 1556 3389 ea
1590 3355 1786 3389 coniuncto
1819 3353 1938 3399 primo
1967 3353 2048 3389 loco
2074 3353 2291 3397 (fol.A—I)
