2501 3615
99 391 167 426 378

87 3297 155 3332 379

982 141 1025 146 -
1074 120 1199 157 CCLV
1247 142 1290 147 --

101 227 167 260 378
412 225 482 259 VH
508 223 555 258 id.
574 223 681 258 Mart.
791 251 1038 259 ........
1204 224 1348 260 Marino
1373 230 1421 269 psi
1826 229 1855 271 1,
1871 229 1902 268 5,
1917 229 1938 263 8

99 296 167 330 378
412 293 481 328 XII
507 293 541 327 k.
561 291 646 327 Mai.
789 293 949 328 Treviris
1202 294 1371 329 Auxonio
1397 299 1464 338 ppo
1494 293 1728 339 [Galliarum]
1823 296 1854 337 8,
1869 299 1901 339 5,
1916 298 1959 331 35

408 363 578 454 ΞΟΞΠῙΙἸΙΙ
787 362 863 454 ,3ῗὲ
883 362 1046 454 ’.Γῗθινῖῃῗ
1174 367 1181 446 ξ
1204 391 1340 437 Alypio
1367 392 1471 437 [com.
1491 405 1516 426 s.
1533 392 1556 427 1.
1576 391 1675 437 Occ.]
1827 394 1856 436 1,
1876 395 1926 435 15,
1942 396 1961 428 9

99 488 165 524 378
411 488 535 522 XVIII
561 487 595 521 k.
614 486 716 532 Sept.
790 515 1036 523 ........
1202 489 1426 524 'vindiciano
1451 502 1482 524 v.
1504 502 1531 525 c.
1554 489 1692 525 vicario
1826 491 1877 532 10,
1899 491 1946 532 19,
1961 492 1982 525 9

97 556 165 591 378
408 556 475 591 XV
501 557 535 590 k.
555 556 655 601 Sept.
672 556 716 601 [Ρ]
787 556 987 593 Ravennae
1008 557 1055 603 ['?]
1206 557 1363 592 Antonio
1388 563 1456 602 ppo
1483 558 1720 604 [Galliarum]
1824 559 1912 595 Iust.
1931 560 1962 601 2,
1978 560 2008 602 7,
2023 561 2044 594 2
2063 560 2182 606 [Παλ]

98 626 166 661 378
408 625 480 660 VII
506 625 538 659 k.
559 625 638 660 Oct.
789 652 1347 660 .............
1374 626 1501 661 comiti
1527 626 1769 673 largitionum
1826 628 1878 671 10,
1892 629 1924 670 2,
1940 630 1957 662 1

96 695 164 729 378
407 694 499 739 prid.
518 695 552 729 k.
571 694 655 729 Dec.
672 695 714 740 [4³]
789 694 950 730 Treviris
1200 694 1363 729 Antonio
1387 700 1455 739 ppo
1482 695 1720 741 [Galliarum]
1823 697 1854 738 9,
1868 697 1923 738 40,
1940 698 1981 731 12

165 844 462 887 VALENTIS
498 845 574 887 ET
613 844 1021 887 COLLEGARVM
1059 844 1191 886 SINE
1231 844 1514 887 CONSVLE.

404 959 439 994 k.
457 960 566 995 Mart.
784 984 1031 994 ........
1196 959 1343 995 senatui
1819 960 1908 995 Just.
1926 961 1957 1003 3,
1972 961 2026 1003 24,
2041 962 2062 995 2
2087 961 2202 1007 [Ηαῑ.]

405 1055 1033 1064 ...............
1199 1029 1361 1065 Antonio
1386 1035 1455 1074 ppo
1483 1029 1723 1075 [Galliarum]
1821 1030 1910 1065 Iust.
1931 1031 1984 1072 11,
1999 1031 2053 1074 59,
2069 1033 2089 1066 5

300 1202 509 1250 IMPPP.
558 1202 930 1250 GRATIANVS
983 1203 1496 1253 VALENTINIANVS
1556 1207 1636 1254 ET
1696 1207 2094 1256 THEODOSIVS

371 1283 661 1331 379—386.

275 1396 584 1430 Constitutionibus
610 1408 670 1439 per
694 1397 755 1429 1108
781 1407 890 1430 annos
915 1398 1100 1430 Arcadium
1127 1398 1385 1432 nominantibus
1410 1399 1629 1442 praefiximus
1655 1404 1772 1433 notam
1800 1397 1838 1445 0Ι.

161 1513 243 1554 379
275 1509 592 1564 AVXONJO1)
625 1509 700 1552 ET
734 1509 998 1552 OLYBRIO
1032 1511 1128 1554 VV.
1154 1511 1279 1567 CC.2)
1314 1512 1509 1555 OONSS.

313 1593 340 1634 ¹)
367 1592 526 1625 Auaeonio
559 1593 638 1625 libri
663 1594 731 1625 fere
757 1597 968 1634 constantem
1003 1593 1157 1627 Ausonio
1189 1594 1220 1626 V
1241 1595 1344 1628 semel
1371 1593 1437 1636 (10,
1458 1595 1486 1637 l,
1508 1594 1581 1639 12),
1608 1595 1640 1627 R
1666 1596 1718 1629 bis
1745 1594 1791 1638 (6,
1809 1594 1864 1638 30,
1885 1595 1914 1629 1.
1933 1594 1986 1638 2),
2012 1596 2092 1628 item

367 1640 526 1672 breviarii
551 1640 621 1672 fere
647 1640 779 1673 codices
803 1641 1017 1673 recentiores.

312 1696 340 1738 2)
365 1697 420 1729 sie
446 1695 477 1738 7,
498 1694 550 1738 18,
568 1695 600 1729 2.
632 1694 663 1735 8,
685 1695 736 1736 18,
754 1695 786 1730 6.

274 1801 460 1834 Gratianus
497 1801 663 1843 collegam
699 1801 765 1834 sibi
800 1801 958 1834 adsciscit
994 1802 1223 1835 Theodosium
1260 1804 1410 1846 partium
1447 1803 1595 1836 Orientis
1634 1803 1760 1836 finibus
1798 1803 1909 1836 auctis
1949 1802 2091 1846 (scilicet

158 1859 288 1902 Illyrici
313 1859 509 1902 provinciae
534 1858 727 1900 orientales,
754 1859 877 1901 Epirus
902 1870 980 1891 cum
997 1860 1254 1900 Praevalitana,
1283 1861 1415 1894 Moesia
1440 1861 1601 1901 secunda,
1626 1860 1757 1893 Daciae
1782 1861 1880 1900 duae,
1905 1862 2088 1902 Dardania,

157 1916 374 1958 Macedonia,
401 1916 595 1956 Thessalia,
621 1916 754 1949 Achaia
786 1927 864 1948 cum
890 1916 1037 1949 fuissent
1062 1917 1296 1950 Valentiniani
1323 1916 1366 1961 [v.
1393 1919 1594 1961 rescriptum
1619 1918 1693 1951 eius
1719 1919 1762 1951 ad
1787 1919 1952 1952 vicarium
1978 1920 2088 1952 Maee-

157 1974 278 2007 doniae
302 1974 455 2007 Consult.
475 1972 506 2015 9,
524 1972 573 2016 7],
599 1974 669 2006 iam
693 1973 882 2006 translatae
906 1978 988 2007 sunt
1011 1975 1053 2007 ad
1079 1980 1194 2018 partes
1219 1975 1381 2018 Orientis)
1408 1977 1520 2009 Sirmii
1546 1977 1618 2008 lan.
1640 1975 1680 2008 16
1709 1974 1876 2017 (Socrates
1902 1977 1934 2009 h.
1954 1988 1981 2010 e.
1999 1976 2031 2018 5,
2049 1975 2070 2008 2
2079 1989 2087 2017 3

158 2032 258 2065 Cons.
273 2031 450 2064 Constant.
477 2032 521 2065 ad
544 2032 577 2064 h.
597 2031 642 2074 a.)
669 2032 802 2073 fuitque
826 2032 875 2064 ibi
899 2033 1086 2065 secundum
1105 2034 1382 2066 Theodosianum
1401 2035 1500 2067 Febr.
1518 2032 1573 2066 24.
1615 2035 1786 2067 Reversus
1811 2035 1890 2068 inde
1914 2035 1950 2066 in
1975 2040 2089 2077 partes

159 2089 354 2122 Occidentis
379 2088 548 2130 (Socrates
564 2090 596 2122 h.
615 2100 644 2122 e.
668 2088 699 2130 5,
717 2088 754 2132 6)
779 2089 969 2122 secundum
998 2090 1264 2133 subscriptiones
1289 2092 1355 2124 fuit
1378 2091 1558 2134 Aquileiae
1583 2092 1647 2124 Iul.
1666 2091 1702 2132 2,
1740 2092 1924 2124 Mediolani
1948 2092 2012 2124 Iul.
2031 2090 2087 2124 30.

159 2148 249 2190 Aug.
267 2145 288 2180 3
306 2145 361 2188 (cf.
380 2147 598 2179 Ambrosium
623 2147 663 2178 de
687 2147 753 2179 fide
770 2145 801 2186 3,
820 2146 865 2187 1),
891 2148 1049 2180 Bauxare
1065 2148 1155 2191 Aug.
1172 2147 1214 2181 19
1233 2147 1307 2191 (qui
1329 2149 1426 2182 locus
1450 2149 1534 2182 alibi
1558 2161 1628 2182 non
1652 2150 1849 2182 nominatus
1874 2150 1947 2182 sine
1964 2150 2086 2182 idonea

159 2215 263 2238 causa
293 2205 443 2238 creditur
472 2215 546 2237 esse
574 2204 736 2247 oppidum
767 2205 859 2247 quod
888 2216 982 2237 nunc
1009 2210 1060 2237 est
1091 2206 1233 2247 Bozen),
1267 2207 1418 2239 Treviris
1450 2208 1540 2250 Sept.
1567 2205 1619 2239 14.
1669 2207 1865 2240 Secundum
1893 2207 2085 2240 Ausonium

158 2262 195 2294 in
217 2262 406 2304 gratiarum
437 2262 570 2294 actione
601 2266 752 2294 extrema
777 2262 963 2294 Gratianus
988 2273 1007 2294 a
1031 2263 1182 2295 Thracia
1206 2263 1362 2304 (fortasse
1387 2263 1694 2306 Constantinopoli)
1720 2275 1780 2307 per
1802 2264 1980 2307 Illyricum
2006 2263 2085 2307 (quo

158 2319 306 2362 pertinet
335 2318 509 2361 Sirmium)
540 2319 719 2351 Venetiam
750 2319 926 2361 Liguriam
957 2317 1039 2362 (quo
1072 2320 1220 2362 pertinet
1251 2320 1497 2363 Mediolanum)
1530 2319 1789 2364 ‘insuperabilia
1818 2319 1972 2354 Raetiae’
2005 2321 2085 2363 (quo

157 2381 311 2420 spectare
339 2377 474 2410 videtur
505 2377 646 2409 Bauxar
679 2381 713 2409 et
749 2377 893 2409 fortasse
927 2376 1143 2419 Tridentum)
1176 2375 1299 2410 ‘Rheni
1334 2378 1485 2418 accolas,
1520 2379 1756 2420 Sequanorum
1789 2379 1898 2420 invia,
1934 2384 2087 2422 porrecta

157 2428 371 2467 Germaniae‘
394 2438 474 2467 ante
504 2434 606 2466 finem
638 2435 722 2466 anni
752 2435 787 2466 in
812 2435 945 2468 Gallias
971 2436 1136 2478 pervenit.
1161 2453 1204 2459 —-
1230 2436 1443 2469 Theodosius
1469 2437 1582 2470 sedem
1609 2438 1741 2481 imperii
1767 2438 1847 2470 fecit
1870 2438 2087 2470 Thessaloni—

157 2503 230 2524 cam
247 2491 466 2524 Macedoniae
490 2491 728 2534 pertinentque
752 2492 794 2524 ad
819 2503 897 2525 eum
922 2497 992 2525 tam
1017 2493 1094 2525 inde
1119 2493 1244 2526 emissa
1268 2494 1464 2526 constitutio
1482 2505 1586 2537 quam
1604 2506 1691 2537 quae
1717 2495 1818 2528 datae
1843 2499 1924 2528 sunt
1941 2506 1983 2528 ex
2001 2496 2084 2528 Vico

156 2549 307 2592 Augusti
332 2547 567 2592 (magistratus
592 2549 682 2581 enim
707 2554 837 2592 spectat
861 2551 904 2582 ad
928 2555 1042 2593 partes
1068 2551 1232 2591 Orientis,
1257 2551 1353 2584 locus
1377 2551 1516 2594 ignotus
1545 2551 1608 2594 est)
1635 2557 1668 2585 et
1693 2553 1825 2596 Scupis.

88 2662 156 2696 379
398 2661 452 2698 VI
475 2661 511 2696 k.
528 2661 637 2697 Mart.
777 2660 912 2696 Sirmio
1192 2664 1318 2700 Asello
1812 2666 1843 2706 6,
1857 2666 1912 2708 30,
1929 2666 1947 2700 1

88 2730 156 2765 379
400 2742 483 2765 non.
501 2731 589 2776 Apr.
603 2730 645 2776 [Ρ]
781 2730 943 2766 Treviris
1191 2733 1358 2777 Hypatio
1383 2738 1430 2777 pi]
1457 2733 1621 2778 [Romae]
1814 2734 1866 2775 11,
1880 2735 1934 2779 36,
1949 2735 1993 2769 26

88 2798 156 2834 379
397 2799 431 2834 V
455 2810 537 2834 non.
555 2799 642 2834 Mai.
777 2826 1026 2835 ........
1192 2801 1348 2837 Arborio
1374 2813 1465 2837 com.
1488 2802 1527 2848 [r.
1546 2814 1600 2847 pr.
1621 2801 1720 2846 Occ.]
1812 2803 1842 2844 1,
1857 2803 1910 2847 32,
1925 2803 1946 2837 4

88 2868 155 2903 379
276 2874 278 2876 ’
398 2869 467 2904 XV
491 2869 525 2904 k.
542 2869 611 2905 Iul.
776 2869 1066 2906 Thessalonicae
1188 2870 1388 2907 Pancratio
1414 2883 1507 2907 com.
1525 2883 1552 2905 r.
1571 2883 1625 2916 pr.
1645 2870 1731 2916 [On]
1812 2871 1863 2912 10,
1881 2872 1909 2912 1,
1928 2871 1968 2905 12

88 2937 155 2973 379
398 2937 452 2974 VI
477 2938 545 2981 (III
563 2938 624 2981 II)
648 2949 730 2973 non.
778 2937 975 2982 Aquileiae
1191 2939 1370 2985 Hesperio
1394 2945 1463 2984 ppo
1491 2939 1655 2985 [Italiae]
1831 2939 1855 2973 1
1911 2939 1941 2980 7,
1957 2939 2045 2979 18,2

441 2995 510 3031 Iul.
1810 2996 1859 3030 II
1890 2996 1943 3037 13,
1961 2997 1990 3037 1,
2008 2997 2046 3030 11

87 3064 155 3099 379
396 3063 490 3109 prid.
508 3075 594 3099 non.
612 3065 678 3100 Iul.
776 3064 905 3109 Scopis
1189 3065 1386 3102 Pancratio
1413 3077 1502 3102 com.
1520 3078 1547 3101 r.
1566 3078 1619 3110 pr.
1638 3065 1727 3111 [Or.]
1806 3066 1837 3106 6,
1854 3065 1908 3106 30,
1923 3065 1944 3099 2

87 3133 154 3168 379
397 3132 468 3168 XII
491 3133 526 3167 k.
545 3133 639 3179 Aug.
776 3144 852 3168 acc.
872 3132 1138 3169 Constantinae
1188 3134 1367 3179 Hesperio
1389 3140 1459 3179 ppo
1485 3133 1646 3180 [Italiae]
1806 3134 1858 3175 13,
1873 3134 1903 3175 5,
1922 3134 1964 3168 15

87 3201 154 3236 379
396 3201 449 3236 III
474 3201 508 3236 k.
527 3202 621 3247 Aug.
777 3202 989 3238 Mediolano
1190 3203 1369 3248 Hesperio
1393 3209 1462 3248 ppo
1490 3202 1650 3248 [Italiae]
1806 3201 2216 3248 Iust.6,32‚4[PLHaz.]

398 3269 659 3372 ffid·k¹†·s‘21¹)¹ff
778 3271 853 3364 ἓξὲξ
880 3298 887 3363 J
914 3299 921 3363 j
948 3298 956 3363 ζ
982 3297 990 3362 j
1016 3298 1025 3364 j
1161 3273 1368 3357 }Hesper10
1392 3305 1461 3345 {³156
1489 3298 1650 3345 [italiae]
1807 3299 1943 3341 8‚18,6
