2485 3615
1165 188 1210 193 -
1259 168 1375 203 CXVI
1422 189 1467 194 ——

490 273 689 308 Praeterea
725 272 929 307 laterculus
966 273 1090 306 noster
1121 271 1223 316 prior
1254 271 1417 307 ostendit
1447 271 1627 308 lectiones
1663 276 1869 319 apparatus
1901 275 2041 320 passim
2072 275 2280 311 consentire

491 342 574 365 cum
599 330 638 365 E
659 333 697 366 et
729 330 783 366 ita
815 329 894 364 iure
918 328 1045 365 referri
1069 328 1118 363 ad
1141 328 1201 363 *E
1221 340 1266 364 ex
1291 328 1330 363 E
1352 328 1592 374 descriptum.
1640 330 1765 366 Etiam
1790 343 1856 377 per
1880 332 2018 368 librum
2042 332 2129 367 XVI
2154 331 2193 367 in
2217 344 2280 378 ap-

490 391 625 433 paratu
657 387 888 424 deficientem
920 399 1013 430 quae
1047 397 1089 421 eo
1122 385 1299 422 videlicet
1331 399 1416 421 usus
1443 386 1616 422 Cuiacius
1647 387 1685 422 in
1718 387 1880 425 editione
1912 390 2073 425 secunda
2105 389 2279 431 mutavit,

492 446 668 491 pleraque
694 445 849 481 redeunt
875 444 922 479 ad
946 443 1083 478 librum
1101 444 1165 478 *E
1185 465 1228 468 —
1248 443 1428 480 Pithoeus
1453 446 1576 479 utrum
1603 444 1768 481 codicem
1786 446 1847 480 *E
1869 446 2005 483 viderit
2031 447 2279 490 imminutum,

491 505 531 538 ut
558 502 668 538 hodie
694 506 764 543 est,
791 501 935 537 scilicet
960 501 1202 546 incipientem
1228 502 1259 543 3,
1275 503 1357 543 5,5‚
1384 515 1431 537 an
1457 515 1479 537 a
1507 502 1691 547 principio
1717 502 1916 548 integrum,
1943 505 2183 541 determinari
2209 518 2282 541 non

493 563 630 606 potest3
658 572 742 594 nam
761 571 987 603 quamquam
1013 559 1088 594 iam
1113 560 1160 594 ad
1185 562 1333 605 partem
1359 559 1396 594 in
1415 560 1476 594 *E
1498 559 1731 596 deficientem
1748 560 1926 597 Pithoeus
1951 561 2045 598 cit-at
2068 562 2182 598 libros
2207 565 2283 598 tres

491 617 667 653 breviarii
686 616 798 662 pleni.
824 616 920 658 inde,
947 629 1031 651 cum
1056 629 1128 652 non
1145 620 1291 652 constet
1314 617 1391 652 eius
1416 629 1500 653 eum
1524 616 1723 653 contulisse
1750 617 1895 653 codices
1920 621 1994 654 tres
2019 620 2125 662 solos,
2152 620 2283 667 colligi

491 687 561 710 non
588 675 697 710 debet
723 674 782 709 1115
807 674 899 709 10015
925 675 1229 720 comprehensum
1255 687 1333 710 esse
1360 675 1526 710 codicem
1550 675 1616 709 *E

429 738 465 781 b)
492 737 623 772 Plenos
648 736 825 773 breviarii
850 737 965 773 libros
992 737 1169 774 Pithoeus
1196 738 1370 773 adhibuit
1397 741 1496 774 certe
1522 741 1607 774 tres.
1656 738 1737 774 Duo
1761 739 1934 784 pluresve
1959 739 2096 785 reliqui
2120 740 2185 785 qui
2209 741 2284 777 fue-

490 794 565 828 rint
594 794 624 828 si
650 794 877 838 quaerimus,
910 797 1069 840 apparet
1100 808 1144 831 ex
1169 796 1350 832 laterculo
1381 798 1507 831 nostro
1538 795 1661 840 priore
1691 795 1872 831 lectiones
1896 808 1919 831 a
1944 796 2102 833 Pithoeo
2133 798 2283 833 adlatas

493 851 586 886 alias
604 864 739 896 easque
758 852 882 898 plures
907 852 1026 889 redire
1053 853 1101 888 ad
1125 854 1278 889 classem
1306 856 1470 888 nostram
1495 852 1694 895 meliorem,
1720 853 1758 888 in
1785 866 1859 898 qua
1885 856 1942 889 est
1960 854 2027 894 *E‚
2053 854 2149 890 alias
2166 855 2285 891 multo

491 908 646 944 rariores
672 909 792 945 facere
821 922 903 945 cum
927 910 1075 946 PMLS.
1127 912 1264 946 Horum
1290 923 1382 946 1111115
1407 913 1533 956 potest
1558 910 1670 947 fuisse
1695 913 1821 947 noster
1837 911 1871 952 S,
1898 910 1962 956 qui
1987 913 2026 947 et
2051 923 2074 947 a
2097 911 2286 958 principio

491 966 637 1012 integer
669 970 725 1003 est
758 970 796 1004 et
830 980 872 1003 eo
905 970 1072 1014 tempore
1105 968 1261 1004 Parisiis
1293 969 1576 1011 adservabat-mr,
1617 969 1795 1013 favetque
1829 969 1864 1005 ei
1897 968 2152 1012 coniecturae,
2187 970 2287 1015 quod

495 1025 695 1066 12.1,2Ο,1
730 1026 941 1071 corruptela
967 1027 1239 1070 prouocationis
1275 1038 1341 1072 pro
1369 1027 1640 1070 procurationes
1673 1039 1696 1062 a
1727 1026 1885 1062 Pithoeo
1920 1026 2074 1063 inventa
2107 1026 2146 1062 in
2179 1026 2287 1063 libris

493 1082 634 1117 duobus
665 1083 771 1118 adest
795 1085 837 1118 ut
862 1082 900 1118 in
925 1083 964 1117 E
980 1083 1038 1118 *E
1066 1083 1120 1118 ita
1146 1083 1183 1118 in
1212 1083 1255 1123 S;
1287 1083 1462 1119 similiter
1488 1085 1586 1129 quod
1614 1085 1664 1125 12,
1682 1085 1781 1127 6‚20‚
1797 1086 1818 1120 3
1844 1084 2054 1130 corruptela
2082 1096 2105 1120 a
2127 1083 2286 1121 Pithoeo

493 1139 622 1174 adlata
647 1139 737 1175 item
763 1153 807 1176 ex
832 1140 939 1176 libris
965 1141 1107 1176 duobus
1133 1141 1315 1176 theudosio
1340 1154 1406 1187 pro
1433 1142 1556 1176 eaodio
1580 1145 1637 1178 est
1669 1145 1707 1178 et
1731 1142 1771 1177 in
1797 1142 1836 1176 E
1850 1143 1910 1177 *E
1931 1145 1969 1178 et
1993 1141 2032 1177 in
2057 1142 2092 1177 S.
2141 1141 2213 1177 Sed
2244 1143 2288 1177 ut

493 1197 687 1242 probabile
714 1200 769 1233 est
794 1198 991 1235 Pithoeum
1026 1199 1201 1235 habuisse
1228 1202 1377 1244 praeter
1402 1200 1463 1234 *E
1490 1199 1627 1235 librum
1659 1202 1725 1236 aut
1752 1200 1782 1235 S
1809 1199 1932 1246 ipsum
1967 1202 2034 1235 aut
2059 1202 2158 1235 certe
2189 1199 2287 1234 simi-

492 1255 575 1297 lem,
602 1258 796 1300 praeterea
821 1269 893 1292 uno
920 1259 1018 1293 certe
1045 1257 1171 1293 codice
1196 1270 1282 1292 usus
1307 1258 1363 1293 est
1388 1258 1551 1293 habente
1576 1257 1755 1293 lectiones
1779 1269 1852 1293 non
1875 1269 2015 1303 paucas
2040 1269 2063 1293 a
2079 1258 2288 1293 nostrorum

495 1311 672 1348 librorum
698 1313 823 1349 formis
848 1314 986 1359 passim
1011 1316 1236 1351 recedentes.
1285 1314 1518 1360 Exemplaris
1544 1314 1790 1356 Sichardiani,
1816 1315 1864 1350 ad
1888 1315 1986 1359 quod
2012 1313 2114 1350 Petri
2139 1313 2289 1350 Pithoei

496 1369 567 1405 duo
586 1369 726 1405 variam
743 1371 943 1407 lectionem
963 1372 1131 1408 codicum
1149 1371 1426 1418 deperditorum
1451 1371 1737 1417 adscripserunt.
1764 1371 1802 1406 in
1825 1372 1895 1407 hoc
1919 1373 2106 1417 apparatu
2126 1369 2289 1417 vestigia

496 1427 599 1462 nulla
625 1431 850 1473 comparent.

440 1491 472 1533 c)
499 1489 669 1526 Codicem
692 1494 802 1527 antea
821 1492 989 1535 Puteani,
1007 1492 1118 1529 hodie
1136 1492 1346 1528 Parisinum
1364 1494 1455 1528 4403
1468 1493 1509 1535 A,
1533 1505 1642 1538 quem
1660 1505 1772 1538 supra
1797 1505 1832 1538 p.
1848 1492 1984 1527 XCVII
2009 1492 2136 1527 monui
2161 1491 2246 1528 inde
2267 1504 2289 1527 a

496 1547 590 1584 libro
608 1560 703 1584 110110
722 1549 1010 1586 constitutiones
1028 1563 1139 1597 saepe
1157 1562 1362 1597 proponere
1381 1550 1557 1597 integras,
1576 1549 1715 1596 passim
1733 1550 1972 1596 adsumptum
1991 1560 2068 1585 esse
2092 1561 2115 1584 a
2131 1549 2289 1585 Pithoeo

496 1604 673 1641 lectiones
703 1606 736 1641 ei
767 1607 940 1652 propriae
966 1608 1173 1653 complures
1199 1609 1398 1644 ostendunt
1428 1608 1468 1643 in
1493 1608 1701 1644 Pithoeano
1726 1610 1914 1653 appara-tu
1939 1607 2146 1643 redeuntes·
2195 1606 2289 1641 Eun-

497 1661 578 1697 dem
604 1661 739 1699 librum
758 1664 936 1700 Pithoeus
962 1665 1151 1712 intellegit
1176 1665 1213 1701 in
1239 1665 1479 1702 adnotatione
1506 1666 1553 1701 ad
1571 1665 1706 1700 Gaium
1728 1663 1906 1700 breviarii
1931 1664 1962 1706 2,
1979 1664 2045 1707 1,4
2069 1666 2155 1709 post
2177 1664 2290 1700 verba

498 1722 534 1752 at
559 1719 680 1754 tabula
700 1722 864 1765 picturae
888 1723 988 1758 cedat
1012 1724 1220 1769 adscripta:
1246 1735 1287 1758 ea
1311 1728 1432 1759 tamen
1456 1723 1677 1766 conditione,
1702 1726 1743 1757 ut
1766 1726 1941 1767 quantum
1965 1721 2083 1756 stadio
2106 1722 2291 1757 meliorata

495 1777 605 1818 faerit
629 1778 679 1812 ad
703 1781 887 1816 mercedem
906 1782 1086 1827 pertineat
1109 1782 1256 1827 factoris
1283 1782 1370 1816 Pnt.
1393 1785 1473 1825 τεὴ,
1503 1793 1587 1816 110111
1614 1780 1804 1816 consultus
1829 1779 2007 1815 Girardus
2029 1778 2222 1825 rescripsit
2245 1791 2291 1816 ea

497 1835 623 1870 adesse
655 1836 693 1871 in
726 1837 851 1874 codice
884 1850 926 1875 00
958 1840 1002 1875 de
1027 1852 1099 1885 quo
1132 1839 1287 1886 agimus.
1334 1839 1456 1875 Verba
1487 1838 1607 1875 codici
1638 1837 1821 1884 inscripta
1843 1838 1939 1873 ‘1585
1962 1837 2110 1872 contuli’
2132 1838 2291 1874 fortasse

497 1893 687 1937 pertinent
712 1896 761 1931 ad
784 1896 905 1942 ipsum
931 1898 958 1932 F
960 1898 1168 1933 ranciscum
1193 1897 1401 1934 Pithoeum.

434 1954 470 1997 d)
498 1956 656 1993 Parisini
674 1959 764 1994 4408
785 1963 924 1996 certum
950 1961 1151 2008 vestigium
1172 1962 1321 2008 repperi
1346 1962 1394 1997 ad
1411 1963 1441 2003 2,
1458 1963 1488 2004 7,
1503 1961 1523 1996 3
1549 1961 1588 1997 111
1612 1959 1884 2006 subscriptione
1910 1960 1996 2003 post
2019 1969 2137 1993 romae
2161 1957 2292 1994 addita

498 2014 607 2049 verba
631 2027 773 2061 propos.
799 2018 848 2052 ad
871 2024 1052 2064 sc7mtmn5
1076 2032 1163 2055 nam
1188 2032 1232 2056 00
1259 2020 1315 2056 ita
1341 2019 1371 2055 is
1397 2020 1511 2056 codex
1536 2020 1635 2055 solus
1659 2019 1776 2055 habet
1801 2019 1950 2063 praeter
1973 2016 2013 2051 O.
2040 2045 2045 2048 .

438 2078 470 2120 e)
498 2077 666 2170 1331151110
691 2081 781 2117 4409
815 2082 1014 2119 Pithoeum
1049 2097 1155 2119 usum
1188 2096 1265 2120 esse
1299 2083 1494 2130 probabile
1529 2086 1585 2119 est
1617 2085 1772 2129 propter
1796 2080 1995 2118 lectionem
2028 2081 2142 2123 9,1,9
2177 2091 2290 2125 supra

499 2147 521 2169 a
549 2136 675 2173 latam.

441 2200 473 2243 f)
500 2200 553 2234 Ex
579 2201 746 2238 Parisino
772 2205 864 2240 4412
893 2206 1018 2251 (supra
1043 2218 1079 2251 p.
1099 2205 1269 2250 XCVIII)
1295 2204 1449 2241 veniunt
1474 2216 1569 2249 quae
1595 2205 1643 2239 ad
1668 2204 1790 2240 locum
1809 2203 2021 2249 Papiniani,
2048 2202 2085 2238 111
2110 2213 2183 2247 quo
2207 2201 2292 2236 Bre-

502 2258 661 2295 viarium
686 2261 779 2303 finit,
806 2262 986 2298 Pithoeus
1011 2263 1229 2308 adscripsit:
1257 2263 1300 2298 de
1326 2262 1488 2298 custodia
1511 2273 1658 2297 reorum.
1701 2261 1963 2306 Intermetatio.
2004 2260 2075 2305 Qui
2099 2286 2108 2294 .
2127 2285 2135 2294 .
2155 2285 2162 2294 .
2181 2258 2293 2303 puni-

500 2320 621 2351 antur.
670 2318 834 2363 Emplicit
859 2321 955 2356 liber.

438 2374 476 2417 ἕξ)
503 2373 554 2407 Ex
581 2374 749 2411 Parisino
774 2378 864 2412 4413
890 2378 1068 2415 Pithoeus
1099 2379 1215 2414 traxit
1249 2378 1409 2415 indicem
1441 2377 1637 2414 titulorum
1670 2377 1759 2412 libri
1790 2375 1920 2422 primi,
1955 2377 1999 2412 de
2031 2387 2104 2420 quo
2136 2374 2295 2411 diximus

502 2443 537 2475 p.
562 2432 750 2475 LXXXV3
786 2448 868 2471 eum
903 2437 999 2472 enim
1034 2437 1071 2472 in
1101 2438 1170 2472 fine
1205 2436 1403 2472 voluminis
1437 2435 1613 2482 proponit
1643 2437 1859 2480 excerptum
1890 2434 1958 2469 sub
1990 2431 2223 2478 praescripto
2252 2441 2296 2466 ea:

501 2489 627 2525 scheda
658 2491 761 2526 cuius
792 2493 920 2528 titulus
951 2499 1027 2529 erat
1056 2495 1096 2529 de
1120 2495 1262 2530 nomine
1293 2494 1505 2537 officialium
1530 2494 1593 2538 qui
1616 2504 1740 2528 caram
1762 2491 1901 2537 yerebat
1927 2490 2007 2538 [sic]
2035 2490 2181 2535 antiquo
2204 2489 2294 2524 iure.

437 2552 476 2595 11)
504 2553 753 2590 parisinorum
784 2557 876 2593 4414
906 2561 944 2593 et
973 2559 1064 2592 4415
1095 2558 1255 2593 alterum
1291 2561 1414 2593 utrum
1448 2557 1659 2602 inspectum
1692 2567 1770 2592 esse
1808 2566 1851 2591 ea
1883 2554 2091 2595 declarant,
2127 2564 2223 2597 quae
2256 2551 2296 2586 in

502 2610 682 2647 laterculo
709 2613 912 2657 posteriore
938 2615 1166 2651 adnotantur
1190 2615 1238 2650 ad
1262 2616 1293 2656 9,
1311 2615 1398 2650 1.10
1423 2616 1461 2650 et
1488 2614 1585 2655 12,1,
1600 2614 1654 2648 47.

450 2672 476 2716 1)
502 2673 555 2707 Ex
578 2674 745 2712 Parisino
762 2678 852 2712 4419
878 2681 1028 2723 praeter
1052 2679 1233 2714 adnotata
1257 2678 1305 2714 ad
1331 2678 1465 2719 9,14‚2
1493 2676 1597 2713 venit
1621 2675 1685 2720 qui
1709 2678 1796 2711 ante
1822 2673 2020 2710 voluminis
2044 2673 2208 2710 indicem
2233 2673 2293 2709 ad-

500 2731 662 2777 scriptus
687 2736 743 2769 est·
768 2735 944 2782 prologus
969 2735 1156 2781 epitomae
1180 2735 1354 2771 monachi
1380 2735 1417 2769 in
1443 2745 1485 2771 eo
1511 2733 1606 2769 libro
1632 2734 1710 2769 solo
1737 2734 1917 2768 servatus.

439 2795 477 2839 k)
502 2796 752 2832 Auctoritatis
778 2798 1014 2835 Alaricianae
1040 2799 1111 2834 duo
1139 2801 1237 2835 certe
1263 2797 1491 2844 exemplaria
1509 2797 1689 2833 Pithoeus
1713 2794 1885 2837 excussit,
1913 2806 2010 2839 quae
2035 2805 2131 2839 quae
2156 2793 2296 2829 fuerint

503 2854 741 2890 determinari
776 2867 847 2891 non
882 2859 1023 2901 potest,
1061 2859 1103 2892 ut
1140 2858 1336 2902 praeterea
1371 2867 1518 2900 quoque
1554 2854 1676 2889 multa
1710 2853 1747 2888 in
1784 2854 2012 2898 apparatum
2048 2851 2296 2887 Pithoeanum

504 2911 624 2947 relata
649 2913 696 2948 ad
723 2916 862 2948 certum
888 2915 1078 2950 auctorem
1102 2913 1230 2950 referri
1255 2916 1454 2958 nequeunt.
1504 2911 1624 2947 Utilia
1655 2911 1702 2952 is,
1733 2912 1918 2956 quatenus
1946 2908 2054 2944 nobis
2085 2909 2214 2944 datum
2239 2911 2298 2944 est

504 2969 679 3011 iudicare,
707 2970 873 3007 continet
897 2972 1002 3007 nulla
1027 2974 1065 3007 et
1089 2972 1159 3007 hoc
1185 2972 1303 3007 solum
1329 2984 1372 3007 ex
1395 2972 1522 3007 nostra
1545 2968 1819 3005 examinatione
1837 2966 1997 3002 efficitur
2014 2964 2207 3002 Cuiacium
2223 2977 2297 3000 nou

504 3029 604 3063 recte
630 3027 831 3064 editionem
858 3029 1015 3064 alteram
1040 3029 1180 3075 passim
1206 3029 1254 3064 ad
1280 3029 1487 3065 Pithoeana
1518 3028 1611 3062 haec
1636 3025 1842 3061 mutavisse
1874 3026 1941 3060 aut
1969 3023 2068 3059 falsa
2098 3026 2165 3059 aut
2197 3025 2296 3058 certe

505 3084 608 3119 nullo
634 3084 766 3121 idoneo
792 3089 942 3122 auctore
968 3088 1120 3123 testata.

484 3152 688 3189 IACOBVS
714 3154 1033 3190 GODOFREDVS
1061 3155 1183 3191 Genev
1187 3154 1283 3191 ensis
1309 3155 1459 3199 (1587-
1417 3153 1578 3197 -1652),
1605 3151 1708 3187 0111115
1735 3149 1992 3186 commentarii
2018 3148 2056 3183 in
2073 3146 2297 3183 Theodosia-

370 3220 455 3244 num
482 3213 565 3254 post
590 3210 707 3256 ipsius
733 3211 877 3247 obitum
901 3212 1119 3258 prodierunt
1144 3212 1304 3258 primum
1331 3223 1418 3247 cura
1442 3209 1595 3246 Antonii
1619 3207 1800 3244 Marvillii
1826 3205 1999 3253 Lugduni
2025 3205 2131 3245 1665,
2162 3203 2296 3240 iterum

371 3277 457 3301 cura
484 3267 658 3302 Iohannis
684 3269 847 3304 Danielis
872 3269 1010 3305 Ritteri
1028 3268 1369 3315 Wittenbergensis
1393 3267 1543 3313 Lipsiae
1570 3265 1709 3301 1736—
1714 3265 1818 3306 1745,
1851 3263 1955 3309 quali
1986 3261 2155 3298 doctrina
2179 3250 2297 3305 quali-

371 3336 441 3367 qne
469 3336 542 3370 sag
538 3325 676 3360 1011010
704 3326 1014 3362 constitutionum
1037 3327 1135 3362 hanc
1160 3327 1329 3372 syllogen
1355 3323 1563 3366 illustrarit,
1589 3334 1695 3358 nemo
1720 3322 1852 3357 horum
1877 3324 2087 3366 temporum
2110 3317 2297 3354 studiosus

374 3382 431 3416 vel
464 3382 574 3418 hodie
607 3386 691 3428 post
722 3384 806 3429 plus
837 3385 908 3420 duo
941 3384 1091 3420 saecula
1123 3384 1280 3430 ignorat.
1329 3383 1427 3418 Nam
1453 3392 1680 3428 quamquam
1709 3380 1747 3415 in
1771 3378 1928 3415 historia
1957 3379 1997 3414 et
2025 3387 2108 3412 cum
2139 3386 2184 3412 ea
2215 3385 2297 3410 con-
