2485 3615
1152 178 1194 183 -
1245 158 1359 192 XCVI
1408 178 1449 182 —

340 265 438 300 sicut
473 264 568 299 infra
602 276 823 309 exponemus
855 264 902 298 ad
934 262 1150 297 Parisinum.
1177 281 1219 286 --
1251 259 1397 295 Codicis
1426 259 1658 311 Basileensjq
1680 259 1759 295 eius
1791 261 1834 297 de
1867 273 1938 305 quo
1970 262 2077 297 niodo
2108 261 2265 297 diximus

340 322 430 357 folia
461 321 611 366 signata
640 334 656 355 ε
676 341 717 345 ——
738 334 756 354 v
781 321 825 365 (φ
843 333 868 364 χ
898 332 969 354 11011
1001 321 1087 353 sunt
1116 317 1270 363 scripta)
1301 318 1368 352 sub
1400 316 1513 353 titulo
1545 316 1660 362 ‘incip
1691 318 1812 363 legum
1840 317 2040 354 Theodosii
2072 318 2135 353 lib.
2153 318 2183 352 Γ
2206 319 2264 354 de-

341 379 482 424 scripta
510 381 596 413 sunt
628 390 671 412 ex
698 377 822 412 codice
855 376 964 411 hodie
990 375 1165 410 Bernensi
1192 374 1310 417 (cuius
1340 374 1447 416 item,
1478 377 1521 409 ut
1552 374 1786 419 exposuimus
1811 387 1923 420 supra
1949 388 1983 421 p.
2002 376 2164 417 LXXIV,
2196 376 2264 411 sub

343 435 488 471 nomine
506 434 787 481 Argentinensis
812 433 950 479 passim
976 432 1116 467 mentio
1141 433 1183 467 fit
1208 431 1245 466 in
1263 431 1507 477 marginibus)
1527 432 1574 466 ad
1592 432 1774 477 explenda
1797 445 1840 467 ea
1857 445 1952 477 quae
1976 433 2013 467 in
2030 432 2264 468 Murbacensi

340 493 661 533 desiderabantur;
694 491 775 526 finit
800 491 1059 536 apographum
1085 491 1116 532 2,
1132 491 1219 531 24,1
1247 502 1364 525 errore
1391 489 1651 534 praetermisso
1679 489 1802 534 capite
1827 491 1858 532 2,
1876 491 1965 531 24,2
1990 493 2028 526 et
2053 492 2157 526 textu
2183 501 2265 525 con-

339 549 547 586 stitutionis
574 547 761 593 sequentis
787 548 886 588 2,25,
904 548 932 581 1.
980 547 1145 582 Indidem
1170 547 1207 581 in
1232 547 1301 583 fine
1326 546 1433 582 Pauli
1458 559 1552 591 quae
1578 547 1617 581 in
1642 547 1877 583 Murbacensi
1903 547 2126 584 deficiebant
2142 547 2265 582 Amer-

341 607 496 643 bachius
522 605 696 650 explevit.
747 604 1014 639 Amerbachius
1039 615 1133 648 quae
1165 603 1202 638 in
1234 603 1292 638 his
1324 603 1552 645 emendavit,
1586 603 1763 648 pleraque
1794 606 1852 646 (ut
1879 605 1954 646 1,2,
1970 606 1990 638 5
2014 625 2058 630 —
2083 606 2114 645 2,
2129 604 2196 646 9,3
2222 625 2265 630 —-

338 667 369 708 2,
388 666 438 706 15,
458 666 489 709 l)
508 663 597 699 meri
619 664 704 696 sunt
727 660 871 696 librarii
895 673 1033 697 errores
1055 673 1098 696 ex
1118 661 1243 697 codice
1269 661 1439 702 correcti;
1466 662 1513 696 ad
1538 662 1656 697 solum
1682 661 1835 697 titulum
1859 662 1945 698 libri
1970 662 2081 708 primi
2105 662 2265 708 primum

340 723 521 767 quaedam
547 724 612 756 aut
641 719 838 754 emendata
863 721 947 754 sunt
973 722 1038 754 aut
1064 719 1254 764 adscripta
1279 720 1334 764 (ut
1360 720 1388 760 1,
1406 720 1467 760 1‚1
1498 719 1672 763 probiano
1696 730 1763 764 pro
1783 719 1961 763 problatio
1991 721 2029 755 et
2053 719 2265 764 adscriptae

340 777 622 814 constitutiones
649 778 678 819 1,
695 777 724 818 1,
739 776 770 810 2.
789 776 821 811 3.
838 776 872 820 4)
897 787 968 810 non
995 777 1143 820 sumpta
1168 788 1211 811 ex
1238 775 1412 811 Bernensi
1437 778 1475 811 et
1500 774 1638 810 similia
1664 775 1915 811 Cochlaeanis.

458 890 702 927 Berolinensis
740 891 820 925 Lat.
851 893 972 935 quart.
1001 891 1066 925 150
1102 902 1195 926 saec.
1223 891 1254 925 X
1292 891 1446 934 (Haenel
1477 891 1522 925 43
1547 906 1588 919 =
1614 891 1681 934 37).
1742 889 2026 925 Praescribitur:
2063 891 2105 925 in
2132 891 2268 926 Christi

339 948 483 984 nomine
507 947 633 992 incipit
656 948 740 982 liber
764 948 889 993 leymn.
938 947 1062 983 Habet
1086 947 1284 982 Maioriani
1315 948 1481 983 novellas
1512 960 1573 983 sex
1605 946 1743 992 primas
1774 959 1837 982 eas
1872 946 1973 992 ipsas
1996 960 2091 992 quae
2115 947 2267 993 reliquis

340 1004 543 1051 deperditis
568 1005 670 1040 solae
696 1006 893 1049 supersunt
918 1004 955 1039 111
982 1004 1106 1040 codice
1132 1005 1361 1040 novellarum
1385 1005 1493 1040 hodie
1512 1003 1687 1050 primario
1704 1003 1888 1039 Vaticano
1907 1004 2159 1040 Ottoboniano
2177 1006 2267 1040 7277

340 1077 383 1099 ex
402 1064 607 1108 archetypo
630 1062 708 1097 eius
730 1062 903 1098 similiter
919 1062 1053 1097 mutilo
1072 1063 1278 1098 translatae
1304 1063 1341 1097 111
1358 1062 1581 1099 recentiores
1605 1064 1679 1098 tres
1699 1061 1971 1098 Berolinensem
1998 1062 2105 1104 hunc,
2131 1061 2266 1098 Parisi-

340 1133 426 1156 num
452 1121 542 1156 9652
560 1121 603 1163 -l-
621 1121 723 1162 4406,
742 1119 1022 1156 Varsoviensem
1049 1123 1161 1156 antea
1187 1120 1450 1156 Kellerianuni.

460 1240 704 1276 Berolinensis
730 1240 978 1286 Savignianus
1008 1242 1076 1275 n.1
1111 1253 1204 1276 saec.
1225 1241 1255 1274 X
1284 1241 1439 1284 (Haenel
1470 1242 1515 1275 42
1540 1257 1582 1270 =
1606 1241 1679 1285 34),
1714 1241 1819 1276 nobis
1845 1241 1889 1276 N
1892 1243 1919 1275 *.
1969 1240 2081 1276 Initio
2114 1241 2269 1278 mutilus

341 1299 570 1335 Brevi-arium
597 1298 734 1343 incipit
759 1298 797 1333 111
820 1298 1050 1333 rubricarum
1076 1299 1257 1334 laterculo
1284 1299 1306 1333 l.
1325 1299 1346 1332 2
1373 1298 1430 1334 tit.
1445 1299 1467 1332 4
1492 1297 1530 1332 in
1556 1296 1832 1343 explanationis
1855 1297 1977 1333 verbis
1996 1324 2003 1332 .
2023 1325 2030 1333 .
2050 1326 2057 1334 .
2076 1327 2082 1333 .
2095 1299 2270 1343 pillorum

339 1367 469 1391 0011500
499 1356 540 1390 in
564 1357 645 1400 ‘ipsa
669 1356 805 1391 civitate
828 1356 1079 1399 discutiantur,
1112 1356 1194 1392 finit
1226 1359 1310 1401 post
1341 1357 1463 1391 10011111
1489 1355 1689 1401 Papiniani
1714 1354 1783 1390 sic:
1816 1355 1957 1400 explicit
1986 1356 2070 1390 liber
2092 1356 2269 1391 iuridv'cns

338 1424 381 1448 ecc
405 1413 626 1448 diversmwn
649 1413 834 1448 sententiis
859 1413 1055 1447 elucidatas
1078 1413 1226 1456 feliciter
1251 1412 1315 1448 deo
1337 1414 1476 1458 9ratias
1501 1423 1619 1456 amen,
1650 1424 1745 1457 quae
1776 1412 1858 1458 ipsa
1884 1413 1997 1448 verba
2027 1414 2156 1449 eodem
2187 1414 2269 1449 loc-o

340 1472 516 1517 leguntur
553 1471 590 1505 in
625 1473 750 1506 nostro
784 1470 894 1515 pleno
920 1471 968 1505 N.
1024 1471 1280 1507 Theodosiano
1311 1470 1579 1516 praescribitur
1607 1470 1840 1505 Theodosium
1870 1471 1926 1505 lib.
1952 1471 1987 1515 I,
2024 1470 2270 1507 subscribitur

343 1528 589 1563 Theodosiana
619 1528 915 1563 constitutionum
946 1529 1027 1562 libri
1056 1529 1160 1563 XVI
1184 1529 1380 1573 eoeplz‘ciunt
1412 1530 1515 1571 (corr.
1541 1528 1695 1573 emplieit)
1723 1527 1871 1571 feliciter
1893 1527 1958 1563 cleo
1986 1528 2124 1573 yratias
2152 1540 2268 1564 amen.

340 1585 462 1621 Codex
489 1598 570 1620 cum
597 1586 815 1630 plerumque
847 1598 918 1621 non
950 1588 1067 1630 ponat
1099 1584 1170 1619 nisi
1202 1585 1462 1630 inscriptiones
1488 1586 1526 1620 et
1551 1584 1843 1630 subscriptiones
1867 1586 1904 1620 et
1930 1584 2269 1630 interpretationes,

339 1642 540 1687 aliquoties
558 1643 658 1688 ipsas
676 1643 960 1679 constitutiones
977 1642 1129 1678 exhibet
1147 1644 1191 1685 (2,
1207 1643 1261 1686 30,
1275 1644 1296 1677 ‘2
1322 1663 1365 1667 —-
1389 1643 1421 1683 4,
1439 1643 1490 1683 15,
1507 1643 1522 1677 1
1551 1664 1594 1667 -
1619 1643 1650 1683 4,
1668 1644 1720 1684 16,
1734 1644 1755 1677 2
1782 1662 1825 1668 --
1849 1643 1882 1684 4,
1898 1643 1950 1683 17,
1965 1643 1986 1677 2
2010 1663 2053 1667 -
2071 1643 2104 1684 4,
2120 1643 2173 1684 17,
2189 1643 2210 1677 5
2228 1663 2270 1667 -

337 1700 551 1742 4,18,1-
585 1701 798 1742 4,19,1-
833 1700 1018 1742 4,2Ο,1.2
1052 1721 1093 1725 -
1123 1701 1337 1742 4,21,1-
1367 1700 1583 1741 4,22,1-
1618 1700 1730 1744 6,5,2
1763 1720 1805 1725 -
1837 1700 2024 1742 7,1,1-
2059 1700 2196 1743 8‚5‚59
2227 1720 2270 1726 -

339 1758 474 1799 8,15‚2
500 1778 543 1782 -
569 1759 600 1799 9,
616 1759 646 1799 7,
662 1759 705 1801 6).
755 1758 913 1794 Adiecta
937 1760 1023 1793 sunt
1053 1757 1262 1803 capitulare
1290 1757 1417 1793 Karoli
1450 1757 1576 1803 magni
1603 1769 1634 1792 a.
1653 1757 1721 1791 803
1746 1769 1776 1792 0.
1797 1757 1908 1792 1-10
1933 1756 2029 1800 (MG.
2055 1756 2168 1803 capit.
2191 1769 2267 1803 reg.

339 1815 466 1850 Franc.
488 1815 503 1850 1
532 1827 567 1860 p.
586 1816 659 1850 113.
681 1816 760 1858 114)
794 1817 831 1849 et
864 1816 1051 1851 decretum
1079 1814 1310 1851 Childeberti
1338 1816 1370 1849 II
1403 1827 1435 1850 a.
1453 1815 1521 1850 596
1554 1827 1584 1850 c,
1602 1816 1633 1850 6.
1653 1816 1682 1849 7.
1701 1815 1732 1850 3.
1751 1815 1773 1849 4
1799 1815 1838 1858 (1.
1856 1826 1885 1849 c.
1912 1827 1946 1860 p.
1968 1814 2020 1850 16.
2040 1815 2097 1860 17)
2126 1814 2268 1861 scripta

338 1885 448 1908 manu
477 1873 623 1913 eadem;
656 1885 751 1917 quae
783 1873 1048 1917 sequebantur,
1080 1873 1278 1918 perierunt.
1307 1893 1349 1898 —
1375 1873 1497 1908 Codex
1522 1873 1660 1917 pendet
1690 1884 1734 1908 ex
1759 1872 1965 1918 archetypo
1994 1872 2138 1914 eodem,
2169 1872 2269 1917 quod

339 1929 522 1975 expressit
547 1932 671 1965 noster
696 1930 827 1975 plenus
851 1930 899 1972 N,
927 1943 1012 1965 nam
1036 1943 1108 1966 non
1134 1931 1253 1966 solum
1279 1929 1503 1975 subscriptio
1528 1929 1702 1965 breviarii
1728 1929 1857 1965 eadem
1882 1930 1949 1971 est,
1975 1932 2017 1965 ut
2041 1941 2153 1975 supra
2178 1929 2266 1972 dixi,

339 1987 402 2022 sed
428 1986 541 2022 etiam
569 1987 860 2032 subscriptiones
886 1987 941 2024 ita
967 1987 1213 2026 consentiunt,
1239 1989 1281 2022 ut
1306 1986 1444 2032 passim
1462 1987 1503 2021 N
1518 1988 1556 2022 et
1574 1986 1613 2021 N
1621 1988 1637 2006 '¹‘
1662 1986 1700 2021 in
1725 1986 1907 2022 erroribus
1929 1986 2160 2033 gravissimis
2186 1999 2267 2022 con-

339 2043 503 2079 sentiant
528 2043 597 2087 (ita
622 2045 698 2087 3‚5‚
718 2046 759 2079 12
785 2057 851 2090 pro
876 2046 1044 2080 Honorio
1072 2046 1183 2080 XIII
1205 2048 1237 2080 et
1267 2044 1460 2079 Theodosio
1488 2045 1528 2079 X
1550 2047 1704 2089 uterque
1736 2044 1853 2080 habet
1880 2044 2078 2080 Theodosio
2105 2045 2221 2080 XIII
2238 2048 2269 2079 et

340 2100 504 2136 Honorio
523 2101 589 2145 X);
617 2102 681 2137 ubi
699 2101 933 2143 dissentiunt,
960 2102 1159 2148 aliquoties
1180 2103 1219 2137 N
1242 2104 1410 2147 praestat
1434 2103 1491 2145 (ut
1507 2103 1539 2143 9,
1558 2103 1586 2143 1,
1600 2102 1621 2137 3
1639 2123 1681 2126 -
1700 2103 1731 2143 9,
1749 2103 1777 2143 1,
1794 2103 1835 2137 15
1855 2122 1896 2127 -
1914 2103 1946 2143 9,
1961 2103 1991 2143 7,
2006 2103 2027 2137 2
2045 2123 2088 2127 -
2105 2103 2137 2143 9,
2153 2102 2206 2144 16,
2219 2103 2266 2147 3),

338 2158 536 2194 sedmulto
555 2158 988 2204 saepiusN*(ut9‚l,5
1008 2160 1180 2201 -9,1,9
1207 2180 1247 2184 —-
1271 2159 1406 2200 9,1,19
1434 2179 1471 2183 —
1496 2159 1608 2201 9‚3,7
1633 2179 1675 2184 —
1698 2160 1812 2203 9‚6‚4
1836 2179 1877 2184 —
1901 2159 2267 2202 9‚7,1—9,7,5-

338 2217 369 2257 9,
386 2217 416 2258 7,
431 2217 451 2250 6
477 2237 519 2241 -
544 2217 704 2259 9,16‚4).
746 2217 824 2263 Ego
849 2216 1001 2253 huiusce
1023 2216 1110 2252 libri
1135 2216 1424 2262 subscriptiones
1442 2228 1567 2252 omnes
1584 2216 1806 2259 examinavi,
1832 2215 2106 2253 consentientes
2129 2228 2211 2252 cum
2229 2216 2270 2251 N

340 2273 399 2308 vel
425 2275 617 2318 corruptas
642 2274 716 2309 fere
742 2273 940 2319 suppressi,
967 2273 1101 2319 quibus
1125 2273 1216 2309 locis
1233 2275 1438 2319 praestant,
1464 2286 1526 2309 eas
1552 2273 1676 2315 attuli,
1703 2275 1897 2319 praeterea
1922 2273 1961 2309 in
1985 2273 2072 2310 libri
2091 2274 2143 2309 IX
2159 2275 2268 2320 parte

340 2342 383 2364 ea
408 2342 503 2374 quae
528 2330 565 2364 in
590 2330 630 2365 N
654 2330 884 2366 desideratur
909 2343 1045 2366 omnes.

455 2444 835 2480 Clerniont-Ferrand
861 2458 894 2480 n.
913 2446 976 2480 201
1005 2446 1161 2489 (Haenel
1181 2472 1187 2479 .
1208 2473 1214 2480 .
1237 2473 1243 2480 .
1263 2461 1305 2475 =
1323 2447 1380 2489 74)
1407 2457 1501 2481 saec.
1520 2445 1563 2480 X.
1613 2444 1843 2480 Breviarium
1874 2447 1953 2481 tam
1986 2447 2073 2481 ante
2102 2444 2268 2481 rubricas

341 2513 451 2545 quam
477 2503 563 2537 ante
592 2504 735 2538 textum
763 2502 980 2547 appellatur
1004 2503 1090 2537 liber
1115 2502 1304 2547 (libellmn)
1330 2502 1408 2547 leyis
1433 2503 1632 2543 doctornm;
1654 2502 1736 2537 finit
1760 2502 1914 2538 mutilus
1939 2501 1977 2537 in
2000 2502 2117 2538 Paulo
2133 2503 2165 2544 2,
2179 2502 2265 2545 24,1

341 2558 463 2594 verbis
488 2559 635 2594 liberum
656 2563 770 2604 paret.
812 2559 1091 2595 Theodosianus
1117 2559 1363 2605 inscriptione
1391 2562 1503 2602 caret,
1530 2559 1781 2606 subscriptum
1806 2563 1863 2596 est
1887 2561 1997 2604 emplic
2019 2560 2067 2595 lib
2091 2560 2200 2595 Thds.

457 2673 645 2709 Leidensis
665 2674 866 2709 Vossianus
892 2677 1011 2719 quart.
1030 2675 1074 2709 47
1100 2686 1192 2710 saec:
1212 2675 1244 2709 X
1269 2675 1426 2716 (Haenel
1450 2674 1494 2710 38
1513 2690 1554 2703 =
1574 2675 1642 2719 25).
1694 2674 1786 2710 Tam
1817 2674 1938 2720 prima
1961 2674 2144 2710 Breviarii
2177 2674 2269 2710 folia

342 2742 423 2765 cum
443 2730 621 2776 perierint
639 2743 749 2775 quam
767 2733 943 2771 extrema,
969 2730 1102 2776 incipit
1129 2730 1167 2766 in
1192 2731 1422 2767 rubricarum
1448 2734 1554 2777 parte
1580 2734 1744 2768 extrema
1762 2731 1979 2778 Gregoriani
2004 2731 2064 2768 tit.
2081 2733 2102 2768 9
2119 2731 2268 2778 explan.

342 2787 476 2821 dicetur
499 2787 560 2822 hoc
584 2791 625 2822 nt
646 2788 713 2830 flln'
736 2788 914 2831 familias,
948 2788 1028 2823 finit
1058 2787 1097 2822 in
1124 2788 1351 2834 Gregoriano
1377 2788 1435 2824 tit.
1457 2790 1543 2831 12,2
1568 2800 1642 2824 non
1667 2790 1786 2824 statim
1810 2800 1939 2824 casum.
1989 2788 2269 2825 Theodosianus

342 2843 583 2889 inscriptione
610 2847 730 2886 caret;
757 2845 1007 2890 subscriptum
1033 2848 1089 2881 est
1118 2846 1359 2881 Theodosiani
1383 2838 1429 2880 ill>
1456 2847 1563 2881 XVI
1580 2847 1733 2891 explicit.
1774 2847 1918 2882 Adsunt
1943 2845 2207 2892 inscriptiones
2231 2849 2270 2883 et

342 2901 671 2947 interpretationes
697 2903 766 2944 vel,
793 2906 834 2939 ut
859 2903 921 2938 hic
947 2903 1206 2948 appellantur,
1241 2903 1539 2949 explanationes,
1570 2907 1608 2940 et
1639 2904 1697 2939 his
1723 2903 1941 2940 subiunctae
1967 2903 2267 2950 subscriptiones.

342 2958 438 2994 Ante
465 2959 762 2995 Theodosianum
787 2960 1021 3005 reperiuntur
1041 2960 1256 2997 Auctoritas
1282 2960 1499 2997 Alariciana
1524 2961 1631 3006 eique
1658 2960 1877 2997 subiunctae
1901 2961 2082 2997 formulae
2107 2961 2202 2997 duae
2225 2961 2269 2997 de

342 3016 440 3050 trina
464 3017 688 3052 concentione
714 3019 840 3062 (supra
865 3031 900 3063 p.
920 3018 1124 3062 LXXXIII)
1152 3020 1190 3053 et
1220 3018 1262 3053 de
1288 3019 1359 3053 litis
1385 3019 1545 3063 caspensis
1572 3020 1697 3064 (supra
1725 3031 1761 3064 p.
1780 3018 1997 3063 LXXVIII).
2044 3017 2269 3064 Archetypis

343 3074 484 3109 duobus
511 3074 705 3110 librarium
730 3087 835 3110 usum
861 3087 937 3111 esse
964 3075 1131 3111 declarat
1157 3074 1383 3121 subscriptio
1409 3075 1691 3112 constitutionis
1716 3076 1747 3117 5,
1765 3076 1850 3118 18,1
1877 3076 1925 3121 (p.
1945 3075 2084 3120 XCIV).

457 3187 814 3233 Montispessulanus
834 3189 898 3225 136
923 3202 1016 3226 saec.
1034 3190 1066 3224 X
1094 3190 1249 3234 (Haenel
1268 3190 1312 3225 24
1331 3205 1373 3219 =
1391 3190 1465 3235 21),
1493 3192 1604 3226 antea
1626 3190 1864 3226 Pithoeanus.
1913 3190 2045 3232 Codex,
2072 3188 2136 3234 qui
2153 3188 2268 3225 etiam

344 3244 463 3289 legem
482 3244 642 3280 Salicam
669 3248 706 3280 et
731 3246 954 3291 capitularia
978 3247 1161 3291 quaedam
1186 3247 1456 3293 complectitur,
1482 3246 1672 3282 Breviario
1698 3246 1910 3293 praemittit
1934 3246 2038 3283 tituli
2062 3246 2144 3282 loco
2169 3245 2267 3290 (vide

346 3313 380 3344 p.
399 3301 567 3345 XXXII):
604 3302 645 3336 in
674 3302 737 3337 hoc
765 3314 912 3347 corpore
944 3304 1150 3339 continetur
1174 3307 1250 3339 tota
1280 3305 1337 3339 lex
1363 3304 1551 3339 Romana:
1583 3304 1707 3348 incipit
1730 3305 1897 3349 ffloloqns
1922 3314 1966 3339 ex
1989 3313 2130 3347 corpore
2161 3302 2267 3339 Theo-

346 3357 497 3392 dosiani.
547 3358 720 3403 Sequitur
745 3359 960 3396 Auctoritas
985 3361 1136 3397 Alarici.
1186 3360 1483 3407 Subscriptiones
1509 3361 1654 3397 absunt.
