2501 3615
970 156 1011 162 —-
1061 133 1196 171 CXVII
1244 154 1289 160 —

168 242 295 278 iuncta
321 239 639 288 prosopographia
667 238 926 275 Tilleniontius
953 243 993 275 nt
1019 239 1202 286 posterior
1227 237 1434 275 Godofredo
1460 237 1515 272 ita
1540 237 1654 279 etiam
1681 238 1930 283 praestantior
1955 245 2026 279 est,
2053 237 2089 272 in

167 302 276 337 rebus
309 300 357 335 ad
389 299 638 334 Romanorum
671 298 727 333 ius
758 302 792 333 et
827 310 946 333 rernm
978 298 1342 333 administrationem
1376 295 1635 342 spectantibus
1666 307 1771 331 nenio
1803 296 1923 330 adhuc
1957 296 2091 331 Gotho-

169 358 310 394 fredum
334 368 400 392 nec
423 356 612 401 superavit
638 367 703 391 nec
722 356 909 400 aequavit.
952 355 1084 390 Crisim
1103 355 1350 390 Gothofredus
1367 364 1600 398 nequaquam
1618 352 1783 398 neglexit
1809 357 1846 388 et
1873 353 2093 388 coniecturis

169 427 279 460 saepe
305 413 450 449 eximiis
476 415 618 448 textum
644 413 832 458 purgavit,
858 413 921 447 sed
948 425 1013 458 per
1038 413 1182 447 codices
1209 424 1279 446 non
1305 412 1462 446 multum
1488 409 1656 455 profecit.
1698 410 1748 444 Ex
1775 409 1910 455 integri
1928 410 2091 444 Theodo-

170 472 266 508 siani
290 471 397 506 libris
424 470 516 505 vidit
545 470 708 505 codicem
735 470 770 505 R
793 472 840 516 (p.
861 470 1003 513 XLIII).
1052 470 1104 504 Ex
1137 469 1326 504 codicibus
1350 467 1533 503 Breviarii
1566 467 1666 512 pleni
1699 467 1774 509 vel,
1810 470 1850 502 ut
1882 467 1960 512 ipse
1993 468 2093 512 loqui

170 530 281 569 solet,
312 528 449 563 Auiani
483 527 573 563 vidit
607 539 702 572 quae
734 540 778 563 ex
805 527 862 562 *Ε
884 531 968 562 sunt
1003 527 1039 562 in
1067 527 1234 561 Parisino
1258 527 1365 569 4406,
1398 526 1501 561 cuius
1533 525 1653 560 adfert
1685 525 1864 560 lect-iones
1892 525 2094 566 16‚1,3,1.·3

170 587 314 632 aquitae
338 597 404 631 pro
428 596 470 620 ac
486 586 632 619 nicenae
649 589 685 620 et
707 585 758 625 16,
772 585 803 626 2,
818 585 872 625 23,
887 585 908 619 3
925 584 1131 628 dampnatis
1149 584 1307 618 sensibus
1325 596 1391 628 pro
1407 582 1702 623 dissemionibus,·
1727 582 1817 618 item
1834 585 1913 616 tum
1931 582 2095 617 Aurelia-

170 654 329 679 nensem.
349 642 458 677 hodie
478 642 684 676 Parisinnm
705 653 807 677 nour.
825 652 898 685 aeq.
918 641 999 676 Lat.
1019 641 1102 676 16:31
1125 657 1167 670 =
1187 641 1229 675 K
1243 641 1335 676 citat
1351 640 1480 682 9,1:³·,1
1502 641 1568 675 snb
1587 639 1734 675 nomine
1751 640 1887 675 Aniani
1905 639 2096 674 Aureliani

172 701 331 745 indeque
358 699 660 735 constitutionem
690 700 786 740 1,22.
806 699 826 734 3
852 698 992 744 primus
1025 698 1158 738 edidit:
1191 709 1235 733 ex
1261 698 1482 733 Seldeniano
1504 713 1545 726 Ξ
1570 697 1599 731 O
1624 696 1757 732 habuit
1787 700 1963 742 excerpta
1989 709 2097 742 quae-

172 759 257 794 dam
281 759 330 803 (p.
350 757 495 800 LXVD:
528 757 688 802 inspexit
728 759 841 797 certe,
873 756 923 790 ‘in
957 755 1136 790 comitatu
1169 754 1267 800 regis
1293 754 1583 790 Christianorum
1616 766 1733 799 nuper
1764 754 1888 800 agens‘
1915 753 2098 798 Phillipp-

172 815 317 851 sianum
342 817 506 849 nostrum
532 830 573 843 =
600 814 634 848 P
654 815 702 859 (p.
722 813 884 857 LXXV);
917 813 1093 857 denique,
1118 812 1189 847 nisi
1215 823 1314 847 error
1339 812 1475 852 subest,
1503 811 1808 847 constitutionem
1837 813 1864 851 l,
1883 812 1934 853 16,
1949 812 1969 846 3
1995 823 2097 857 prae-

173 875 277 908 terea
300 884 373 907 non
399 874 525 906 notam
543 871 614 906 nisi
632 883 675 907 ex
694 870 900 906 Iustiniano
918 870 1047 905 intulit
1072 870 1109 904 in
1128 869 1427 905 Theodosianum
1444 870 1499 904 ‘ex
1519 881 1600 904 mss.
1619 869 1806 903 nonnullis
1824 872 1861 904 et
1879 868 2099 903 nominatim

174 942 219 966 ex
235 942 300 964 ms.
320 929 359 964 P.
374 929 561 964 Danielis‘.
601 927 782 964 Breviarii
801 927 986 963 decurtati
1005 927 1234 972 exemplaria
1252 927 1411 962 excussit
1431 927 1631 972 complura,
1650 927 1687 961 in
1706 926 1765 961 his
1784 926 1990 961 Parisinum
2008 925 2100 960 4408

175 990 274 1032 (nam
300 987 384 1022 inde
409 986 529 1032 magis
547 998 657 1030 quam
682 998 726 1021 ex
744 985 964 1020 Seldeniano
983 984 1137 1020 veniunt
1155 996 1249 1029 quae
1276 984 1463 1029 inscripsit
1491 984 1609 1019 codici
1628 984 1833 1019 Pithoeano
1862 983 2010 1018 Reserve
2026 984 2100 1018 ΙΝ.-

169 1045 355 1090 proposita
392 1043 441 1078 ad
472 1047 637 1078 senatum
671 1042 807 1088 ²·[etns]
838 1042 1016 1088 c[odex]).
1055 1042 1242 1077 Anianum
1274 1041 1430 1077 Puteani
1469 1041 1545 1076 sive
1582 1041 1789 1076 Parisinuni
1820 1042 1972 1083 4403A,
2011 1042 2100 1077 item

177 1103 339 1138 Anianos
370 1101 628 1142 Rhememem,
660 1101 982 1146 Andegavensem‚
1018 1100 1160 1145 regium
1195 1100 1351 1143 (Haenel
1383 1099 1482 1143 apud
1516 1098 1751 1133 Hauboldum
1777 1099 1798 1132 2
1830 1111 1864 1143 p.
1884 1099 2030 1133 CXLIII
2064 1102 2101 1133 et

178 1162 277 1196 brev.
303 1172 338 1205 p.
357 1159 556 1194 LXXXIX.
581 1158 675 1202 XC),
710 1157 747 1192 in
778 1157 912 1202 quibus
944 1157 1166 1203 indagandis
1198 1161 1344 1202 tempus
1375 1159 1493 1192 terere
1525 1155 1638 1191 nolui.
1669 1175 1714 1180 —-
1744 1156 1800 1189 Ad
1827 1156 2016 1201 exemplar
2045 1157 2100 1191 ed.

179 1217 402 1254 Cuiacianae
428 1215 561 1262 prioris
578 1215 825 1251 Pithoeanum
851 1216 997 1251 Reserve
1014 1216 1072 1250 F²
1096 1216 1145 1260 (p.
1165 1214 1260 1259 CIX)
1288 1225 1358 1249 non
1383 1214 1500 1249 solum
1527 1213 1694 1248 codicum
1720 1212 1898 1248 lectiones
1923 1214 2102 1258 quasdam

178 1273 391 1320 adscripsit,
427 1273 490 1308 sed
521 1273 634 1308 etiam
667 1272 898 1308 coniecturas
931 1285 1031 1315 snas,
1063 1276 1106 1308 ut
1134 1273 1185 1312 16,
1202 1272 1233 1312 2,
1251 1272 1339 1313 10,4
1371 1272 1422 1306 rel
1452 1272 1514 1315 leq.
1541 1270 1736 1305 tabernulas
1762 1272 1799 1304 et
1827 1271 1877 1311 16,
1894 1271 1924 1311 2,
1943 1271 2026 1311 11,4
2058 1272 2105 1305 rel

172 1329 431 1376 perfunctione
455 1329 504 1364 rel
521 1339 588 1374 per
610 1329 799 1372 factionem
824 1331 861 1363 et
889 1329 941 1370 16,
955 1330 987 1370 5,
1001 1330 1056 1370 41,
1072 1328 1137 1363 *10
1160 1328 1378 1372 redundare]
1405 1327 1632 1362 redeuntibus
1657 1326 1757 1365 ὅσως.

293 1407 498 1444 BECKIVS
530 1408 568 1443 in
601 1408 680 1444 iure
712 1408 815 1443 civili
847 1408 1154 1451 anteiustiniano,
1188 1408 1286 1453 quod
1322 1408 1460 1454 prodiit
1485 1408 1646 1442 Berolini
1674 1408 1777 1449 1815,
1808 1407 2102 1443 Theodosianum

179 1467 358 1513 repetivit
382 1467 430 1502 ad
454 1466 634 1502 editiones
660 1467 876 1503 anteriores,

296 1547 552 1590 GVSTAVVS
577 1548 772 1583 HAENEL
803 1561 898 1594 quae
929 1549 975 1584 ad
1007 1548 1172 1584 codicem
1204 1546 1502 1583 Theodosianum
1534 1548 1571 1582 ct
1603 1545 1827 1581 breviarium
1854 1545 2106 1580 Alaricianum

181 1618 247 1652 per
276 1606 391 1652 longa
415 1609 453 1642 et
478 1606 624 1642 diversa
648 1606 783 1642 itinera
813 1606 852 1642 in
876 1606 983 1641 libris
1016 1605 1167 1651 scriptis
1199 1605 1358 1645 invenit,
1394 1616 1438 1639 ea
1468 1604 1608 1649 primus
1641 1603 1811 1649 exposuit
1837 1602 1971 1637 Christ.
1990 1602 2105 1637 Gottl.

180 1663 353 1699 Haubold
378 1663 417 1698 in
442 1663 702 1699 dissertatione
728 1664 831 1700 edita
855 1676 887 1699 a.
908 1663 996 1698 1822
1022 1663 1389 1708 (praetermissorum
1415 1661 1585 1707 inprimis
1611 1661 1657 1696 ad
1683 1659 1906 1695 breviarium
1928 1660 2108 1695 Alaricia-

179 1722 281 1756 ‘num
305 1721 576 1767 pertinentium
604 1734 623 1756 e
651 1721 840 1757 codicibus
865 1733 887 1756 a
905 1720 1070 1756 Gustavo
1096 1720 1276 1756 Haenelio
1302 1720 1505 1765 professore
1530 1718 1714 1764 Lipsiensi
1738 1718 1936 1753 novissime
1961 1717 2109 1752 collatis

177 1778 388 1824 ‘promulsis
412 1778 565 1824 prima’;
591 1779 710 1815 denuo
735 1779 837 1815 edita
862 1779 959 1815 inter
984 1778 1171 1814 Hauboldi
1197 1778 1376 1823 opuscula
1401 1789 1433 1812 a.
1454 1777 1541 1811 1829
1568 1777 1638 1811 vol.
1656 1776 1677 1810 2
1702 1788 1737 1821 p.
1756 1776 1964 1819 897-932),
1993 1775 2105 1809 Auxit

182 1847 226 1872 ea
251 1848 295 1871 ex
312 1836 485 1872 Haenelii
508 1837 654 1873 schedis
671 1837 1015 1873 Hauboldianorum
1040 1837 1301 1882 opusculorum
1327 1835 1446 1870 editor
1469 1834 1565 1869 Frid.
1585 1833 1664 1869 Car.
1684 1833 1786 1868 Gust.
1804 1832 1949 1868 Stieber
1971 1832 2057 1876 (vol.
2074 1832 2104 1865 II

183 1893 299 1939 praef.
320 1905 355 1939 p.
371 1893 559 1928 LXXXIV
570 1896 672 1938 seq.),
699 1905 907 1939 proponens
932 1893 1070 1929 ibidem
1096 1893 1263 1928 codicum
1287 1892 1439 1927 huiusce
1463 1891 1601 1927 ordinis
1618 1890 1769 1935 plenum
1786 1901 1984 1925 recensum.
2026 1889 2108 1934 Ipse

183 1951 324 1987 Haenel
349 1951 388 1986 in
405 1963 556 1997 corpore
580 1951 670 1987 iuris
688 1951 873 1986 Bonnensi
889 1951 1187 1987 Theodosianum
1204 1950 1348 1996 publici
1366 1948 1456 1984 iuris
1473 1948 1563 1984 fecit
1588 1948 1750 1984 editione
1776 1947 1949 1983 absoluta
1974 1958 2005 1981 a.
2022 1946 2109 1981 1842

182 2007 331 2052 (Codex
364 2007 661 2044 Theodosianus:
701 2009 748 2043 ad
784 2009 867 2043 LIV
901 2009 1079 2044 librorum
1117 2007 1453 2052 manuscriptorum
1489 2008 1527 2042 et
1563 2005 1727 2051 priorum
1763 2004 1966 2040 editionum
2003 2003 2110 2037 fidem

183 2065 413 2112 ‘recognovit
438 2069 477 2102 et
501 2066 744 2102 adnotatione
770 2066 902 2102 critica
927 2066 1103 2102 instruxit
1128 2065 1314 2101 Gustavus
1340 2064 1481 2099 Haenel
1507 2062 1733 2108 Lipsiensis.‘
1767 2062 1919 2097 Bonnae
1944 2073 1976 2096 a.
1997 2061 2109 2103 1842).

185 2123 322 2159 Secuta
353 2125 409 2159 est
440 2126 525 2169 post
550 2135 663 2159 annos
693 2126 836 2169 septem
862 2123 977 2159 editio
1002 2122 1185 2158 Breviarii
1211 2135 1294 2157 cum
1320 2120 1496 2167 epitomis
1522 2120 1621 2164 (Lex
1646 2119 1813 2154 Romana
1832 2118 2110 2164 Visigothorum

183 2181 246 2216 ‘ad
271 2181 425 2216 LXXVI
448 2182 626 2217 librorum
651 2193 763 2217 manu
788 2181 1011 2227 scriptorum
1043 2181 1152 2216 fidem
1182 2180 1414 2226 recognovit,
1445 2180 1589 2223 septem
1620 2177 1699 2212 eius
1729 2175 1894 2220 antiquis
1926 2175 2110 2221 epitomis,

183 2239 293 2283 ‘quae
317 2241 467 2284 praeter
483 2239 575 2274 duas
600 2239 722 2274 adhuc
747 2238 912 2275 ineditae
938 2240 1034 2281 sunt,
1060 2237 1257 2274 titulorum
1281 2235 1543 2282 explanatione
1568 2234 1683 2275 auxit,
1711 2233 1950 2269 annotatione
1976 2244 2112 2277 appen-

184 2295 343 2331 ‘dicibus
367 2296 640 2342 prolegomenis
665 2296 842 2332 instruxit
861 2296 1047 2332 Gustavus
1066 2296 1207 2331 Haenel
1226 2293 1437 2340 Lipsiensis.
1480 2291 1605 2328 Editio
1625 2293 1711 2337 post
1727 2290 1944 2325 Sichardum
1970 2290 2115 2335 prima.²

187 2353 337 2399 Lipsiae
365 2354 477 2398 1849).
528 2355 732 2390 Recensum
759 2354 926 2390 codicum
953 2353 1225 2389 Stieberianum
1251 2354 1403 2387 auctum
1435 2354 1471 2386 et
1504 2349 1739 2386 emendatum
1764 2347 1943 2393 repetivit
1968 2347 2005 2382 in
2030 2348 2113 2381 Bre-

189 2410 298 2446 viarii
323 2411 597 2457 prolegomenis
620 2411 833 2448 Haenelius.
882 2412 960 2446 Hoc
992 2410 1162 2445 adhibito
1190 2409 1354 2453 itemque
1380 2419 1476 2453 quae
1502 2407 1545 2442 de
1572 2405 1761 2441 codicibus
1787 2404 1922 2450 integri
1949 2404 2114 2439 Theodo-

188 2467 284 2503 siani
314 2468 352 2502 in
383 2468 462 2504 eius
492 2468 666 2504 editionis
696 2467 927 2514 praefatione
958 2466 1167 2512 disputavit
1198 2466 1349 2511 insuper
1373 2463 1570 2499 habuimus
1603 2461 1923 2497 commentariolos
1952 2461 2114 2497 eiusdem

189 2525 400 2571 argumenti
432 2525 480 2560 ab
506 2537 548 2561 eo
579 2525 879 2571 ephemeridibus
904 2524 1016 2560 variis
1047 2524 1214 2559 insertos.
1241 2544 1282 2548 —
1309 2521 1510 2558 Haenelius
1543 2519 1734 2555 indefessis
1767 2518 1942 2555 itinerum
1974 2522 2011 2554 et
2042 2522 2115 2553 stu-

190 2583 335 2618 diorum
359 2582 550 2618 laboribus
580 2595 622 2618 eo
653 2583 838 2628 pervenit,
872 2586 914 2617 ut
948 2581 1052 2618 crisis
1077 2580 1358 2617 Theodosianae
1391 2581 1476 2614 ante
1510 2591 1593 2614 eum
1625 2578 1736 2622 plane
1761 2576 1955 2622 neglectae
1990 2576 2116 2609 funda-

190 2643 317 2676 menta
341 2640 482 2675 iaceret
507 2651 565 2681 ea,
591 2640 727 2685 quibus
752 2640 936 2685 hodieque
961 2639 1183 2680 insistimus,
1211 2637 1282 2672 nisi
1307 2637 1405 2682 quod
1431 2636 1663 2671 accesserunt
1689 2636 1838 2679 praeter
1863 2633 2003 2667 minora
2030 2632 2115 2666 libri

191 2701 266 2734 tres
282 2696 547 2743 Eporedienses
565 2698 637 2733 duo
656 2700 694 2733 et
712 2697 960 2743 Legionensis.
1002 2697 1073 2732 Sed
1096 2696 1134 2731 in
1152 2697 1339 2741 apparatu
1358 2693 1582 2729 conficiendo
1607 2692 1785 2728 editorem
1803 2690 1960 2726 virtutes
1979 2688 2116 2724 defece-

192 2757 288 2790 runt.
325 2754 480 2790 Variam
503 2754 701 2791 lectionem
719 2755 898 2790 librorum
922 2754 1146 2799 scriptorum
1169 2753 1424 2796 editorumque
1449 2749 1656 2795 composuit
1680 2749 1799 2794 magis
1817 2760 1928 2792 quam
1945 2745 2117 2782 aestima-

194 2811 259 2847 vit.
300 2811 532 2848 Testimonia
557 2812 696 2847 diserta
726 2824 799 2847 non
824 2823 906 2847 raro
931 2812 1078 2852 fallunt,
1105 2809 1252 2846 silentio
1279 2808 1431 2845 editoris
1455 2818 1639 2851 nusquam
1665 2810 1747 2842 tuto
1773 2805 1944 2840 creditur.
1989 2802 2116 2838 Lectio

194 2868 298 2904 varia
321 2869 418 2905 unde
444 2869 587 2905 veniret
612 2881 744 2915 parum
770 2880 917 2911 curans,
948 2878 1211 2914 saepenumero
1237 2866 1329 2901 adeo
1355 2865 1532 2900 librorum
1557 2875 1703 2899 suorum
1728 2862 1826 2898 notis
1851 2860 1994 2896 omissis
2018 2860 2116 2894 ‘non-

192 2926 327 2962 nullos'
344 2937 422 2962 esse
441 2926 500 2963 vel
516 2926 680 2962 ‘multos'
695 2926 920 2962 indicavisse
949 2928 1143 2961 contentus
1169 2924 1335 2959 codicum
1360 2922 1473 2957 etiam
1498 2920 1613 2956 infimi
1636 2919 1773 2955 ordinis
1798 2921 1835 2954 et
1860 2917 1980 2964 magis
2003 2917 2117 2952 etiam

196 2983 400 3019 editionum
426 2983 591 3030 priorum
615 2984 918 3030 adlegationibus
943 2983 1053 3019 utilia
1079 2985 1260 3028 perpetuo
1286 2979 1500 3015 obscuravit
1514 2980 1556 3022 ¹),
1582 2977 1807 3022 apparatum
1832 2986 1898 3019 per
1922 2985 1959 3008 se
1986 2973 2023 3007 in
2048 2973 2117 3007 hoc

314 3112 342 3153 ¹)
368 3114 523 3157 Exempli
553 3124 658 3146 causa
688 3114 774 3147 addo
798 3114 1050 3146 adnotationem
1074 3111 1233 3144 Haenelii
1265 3110 1307 3142 ad
1339 3107 1368 3150 1,
1383 3108 1413 3148 5,
1429 3106 1458 3147 3,
1476 3106 1497 3139 5
1521 3107 1590 3138 iam
1618 3101 1796 3147 prompta]
1822 3108 1890 3134 tam
1911 3106 2073 3143 prompta
2098 3098 2118 3132 9

199 3155 256 3201 [=
274 3157 317 3200 N,
342 3169 464 3201 errore,
489 3160 592 3192 habet
615 3160 686 3192 iam
702 3157 787 3202 prm]
808 3158 851 3192 18
869 3157 925 3201 [=
943 3159 1050 3191 Paris.
1066 3156 1176 3190 16001
1195 3156 1384 3198 descriptus
1407 3165 1449 3186 ex
1468 3151 1520 3193 X]
1548 3169 1589 3174 —-
1615 3151 1684 3182 iam
1704 3149 1858 3191 prouida
1878 3146 1919 3180 19
1938 3145 1994 3189 [=
2014 3144 2062 3198 BQ
2078 3163 2118 3167 —

194 3210 356 3246 promota
378 3206 436 3238 uel
458 3206 529 3238 iam
546 3206 702 3247 prouida
727 3205 769 3238 21
797 3203 915 3247 [Basil.
940 3204 1130 3246 descriptus
1161 3213 1202 3235 ex
1229 3199 1269 3243 G]
1296 3218 1338 3224 —
1365 3199 1490 3242 legibue
1513 3199 1550 3230 in
1573 3201 1749 3238 prompta,
1782 3195 1839 3228 sed
1871 3194 1946 3226 add.
1971 3193 2026 3225 ael
2050 3203 2119 3224 ‘cam

199 3247 315 3293 [immo
336 3249 418 3292 iam]
444 3261 548 3294 supra
564 3263 596 3282 v.
611 3249 657 3283 20
675 3249 731 3294 [=
748 3249 791 3294 G]
818 3270 863 3276 —-
883 3250 1038 3292 prouida
1062 3250 1117 3281 uel
1140 3249 1211 3280 iam
1230 3252 1394 3289 prompta
1419 3245 1506 3277 Sich.
1522 3244 1587 3275 Til.
1607 3260 1648 3265 —
1666 3244 1718 3274 Ita
1743 3252 1810 3273 non
1836 3245 1926 3272 recte
1953 3240 2054 3270 refert
2079 3238 2119 3269 de

201 3295 345 3329 lectione
360 3297 514 3330 codicum
533 3297 600 3329 NG
618 3304 651 3330 et
666 3297 776 3330 adfert
799 3297 960 3329 lectiones
978 3296 1050 3328 cod.
1067 3294 1109 3327 18
1131 3294 1288 3336 descripti
1314 3304 1356 3325 ex
1374 3291 1416 3331 Ν,
1443 3291 1567 3323 codicis
1584 3287 1625 3320 :21
1651 3287 1810 3330 descripti
1829 3297 1870 3318 ex
1890 3286 1931 3324 G,
1957 3284 2119 3322 Sichardi,

201 3342 260 3385 qui
277 3342 399 3385 pendet
423 3354 465 3375 ex
485 3343 525 3384 G,
543 3344 632 3383 Tilii,
651 3344 709 3384 qui
732 3343 855 3386 pendet
875 3353 916 3375 ex
934 3341 1104 3374 Sichardo.
1140 3341 1226 3372 Vere
1243 3340 1284 3371 ad
1300 3337 1402 3379 (iarn)
1414 3341 1577 3378 prompta
1594 3334 1763 3376 adscripta
1788 3333 1852 3364 snit
1878 3333 1912 3363 in
1936 3331 2120 3372 archetypo

2136 1409 2203 1442 BE
2206 1410 2269 1443 (JK
2273 1410 2293 1442 I
2302 1410 2358 1443 VS

2140 1548 2207 1580 HA
2216 1548 2347 1581 EA'EL
2355 1549 2374 1581 I
2384 1549 2441 1581 VS
