2501 3615
926 138 969 143 ——
1019 116 1286 153 CCCXXXVII
1335 136 1378 141 —

311 222 370 260 111,
396 222 463 256 308
489 222 551 257 cfr.
571 221 636 266 Ep.
656 221 746 266 Aeg.
766 221 832 255 Th.
854 221 914 262 lv,
937 222 986 261 14,
1010 223 1024 255 1
1052 222 1110 255 vel
1140 221 1195 255 ΒΓ.
1215 221 1282 254 Th.
1302 221 1324 254 l.
1345 232 1372 255 c.
1392 219 1459 255 int.

394 280 460 313 309
486 279 522 313 in
550 291 602 324 pr.
629 280 690 314 cfr.
718 279 784 324 Ep.
804 279 892 325 Aeg.
913 279 980 314 Th.
1000 279 1062 321 lx,
1083 281 1111 319 1,
1131 280 1151 313 5
1178 278 1214 313 in
1240 278 1309 314 fine
1328 280 1373 322 (Ἢ)
1401 278 1458 313 vel
1484 277 1542 312 ΒΓ.
1562 277 1630 312 Th.
1649 277 1672 311 l.
1693 288 1721 312 e.
1741 275 1808 312 int.
1828 279 1888 319 (ζ’).

396 337 463 371 326
489 352 531 365 =
558 337 625 382 Ep.
644 337 732 382 Aeg.
752 337 855 371 Paul.
876 337 937 377 111,
958 337 988 377 7,
1009 337 1050 371 10
1076 336 1112 370 in
1139 348 1192 381 pr.
1222 337 1278 371 vel
1305 337 1362 371 Br.
1383 336 1449 370 Th.
1470 336 1492 370 l.
1513 346 1542 370 c.
1562 335 1628 370 int.

395 395 459 428 361
489 410 530 423 z
585 423 597 434 „
676 423 688 435 ,,
753 394 904 435 Th.1x,
923 395 976 430 24.
1000 396 1026 429 1.

188 476 280 511 Add.
304 476 366 517 III,
418 475 458 508 14
486 490 526 503 τε
581 503 593 516 ,,
673 503 685 516 ,,
752 475 854 509 Paul.
876 476 902 515 Ι,
926 476 987 515 1,1
1017 477 1052 510 et
1082 475 1125 515 11,
1149 476 1198 515 19,
1222 476 1234 508 1
1264 474 1413 519 [Conrat
1442 474 1464 514 Ι,
1484 474 1598 518 303¹J.

233 591 286 626 Ex
311 590 477 636 epitoma
503 590 687 625 parisina:

324 672 368 715 11,
397 672 461 706 114
489 687 530 700 Ξ
558 672 598 706 fr.
618 672 683 718 Ep.
704 672 784 707 Par.
805 672 872 707 Th.
892 671 989 712 XVI,
1008 671 1040 706 2.

397 729 461 763 391
490 730 553 765 cfr.
642 757 654 771 „
739 758 752 772 „
830 757 844 770 „
889 729 984 770 XVI,
1004 730 1037 763 2.

306 809 370 849 ΙΙΙ,
397 809 463 844 333
490 824 532 838 =
559 808 623 854 Ep.
644 809 725 844 Par.
744 809 811 845 Th.
832 809 893 853 XI,
912 810 943 851 8,
964 810 993 843 1.
1019 810 1051 844 2.

393 867 461 901 360
486 867 548 901 cfr.
584 895 596 908 ,,
675 895 688 908 ,,
766 894 781 910 ,,
825 867 868 907 Χ,
887 868 918 908 5,
941 869 969 901 l.

395 925 463 959 364
488 939 531 953 =
582 952 597 968 „
674 951 687 965 „
764 951 780 968 ,,
823 924 885 965 ΙΧ,
906 926 934 965 1,
954 925 985 960 3.

394 982 462 1016 365
487 997 529 1010 =
582 1010 594 1023 „
672 1010 686 1023 „
763 1009 776 1023 „
821 981 882 1023 IX,
903 982 932 1022 1,
953 982 984 1016 4.
1009 983 1040 1016 5.
1067 983 1098 1017 6.

395 1039 462 1074 367
487 1039 525 1073 in
551 1051 604 1084 pr.
633 1054 675 1068 =
702 1038 767 1085 Ep.
785 1039 865 1074 Par.
885 1039 953 1075 Th.
972 1039 1017 1082 ΙΙ,
1038 1041 1067 1081 1,
1086 1040 1117 1074 4.

847 1212 905 1254 H.
950 1211 1150 1268 Capitula
1181 1212 1464 1268 Angilramni.

306 1303 361 1338 Ex
397 1303 493 1350 legis
526 1303 714 1339 Romanae
740 1302 1022 1349 'Visigothorum
1061 1302 1187 1339 codice
1222 1303 1333 1348 pleno
1369 1303 1427 1338 vel
1465 1303 1662 1338 decurtato
1696 1303 1790 1338 haec
1822 1302 2031 1348 fragmenta
2064 1302 2124 1337 ad-

190 1361 385 1397 hibentur:

345 1430 376 1464 V
389 1432 415 1473 ¹)
440 1431 527 1475 quia
550 1431 652 1465 ultra
673 1431 878 1474 provinciae
904 1431 966 1466 cfr.
994 1431 1051 1467 ΒΓ.
1071 1432 1138 1466 Th.
1158 1431 1221 1473 IX,
1242 1433 1270 1473 1,
1289 1432 1320 1466 5.

441 1488 594 1532 infamis
619 1489 712 1523 enim
731 1499 887 1532 persona
914 1489 976 1524 cfr.
1004 1489 1063 1524 Br.
1082 1489 1186 1524 Paul.
1205 1489 1232 1533 Ι,
1254 1491 1282 1530 1,
1301 1491 1332 1524 3.

443 1557 558 1590 neque
582 1546 708 1581 absens
734 1548 804 1582 etc.
832 1546 895 1581 cfr.
922 1547 979 1581 Br.
1000 1547 1104 1582 Paul.
1122 1547 1165 1589 V,
1183 1548 1215 1589 5,
1233 1547 1264 1581 9.

442 1607 615 1642 neminem
640 1617 720 1652 erqo
744 1607 896 1641 exhvberi
921 1609 992 1642 ete.
1017 1607 1081 1642 cfr.
1103 1607 1158 1641 ΒΥ.
1175 1606 1269 1641 Νον.
1290 1607 1402 1641 Marc.
1421 1606 1447 1647 I,
1469 1607 1484 1640 1
1507 1605 1574 1640 int.

443 1669 486 1700 ut
509 1668 606 1699 actor
631 1675 766 1709 semper
790 1666 861 1701 ete.
880 1665 943 1700 cfr.
958 1665 1016 1699 Br.
1032 1664 1127 1700 Nov.
1142 1664 1254 1699 Mare.
1272 1664 1299 1706 Ι,
1316 1666 1332 1698 1
1353 1663 1418 1699 int.
1437 1663 1474 1698 in
1491 1663 1574 1698 fine.

445 1724 476 1757 si
499 1723 579 1767 quis
602 1726 723 1757 autem-
749 1724 820 1758 etc.
849 1723 912 1757 cfr.
939 1722 997 1757 ΒΥ.
1017 1722 1110 1757 Nov,
1129 1722 1212 1757 Val.
1232 1722 1310 1764 XII,
1333 1723 1348 1756 1
1377 1720 1443 1757 int.

326 1781 398 1816 VII
446 1780 687 1815 accusationis
712 1781 782 1816 etc.
809 1780 871 1815 cfr.
899 1780 957 1815 Br.
977 1779 1045 1815 Th.
1063 1779 1126 1820 IX,
1147 1781 1175 1821 1,
1196 1781 1249 1815 11.

307 1838 395 1874 VIII
443 1839 474 1873 si
499 1838 579 1883 quis
603 1838 753 1873 clericus
777 1841 846 1874 etc.
873 1839 936 1873 cfr.
963 1838 1023 1873 ΒΓ.
1042 1837 1135 1873 Nov.
1155 1837 1266 1872 Marc.
1286 1837 1312 1878 Ι,
1333 1838 1351 1871 1
1378 1836 1444 1872 int.

362 1897 395 1931 X
443 1897 543 1931 ultra
561 1896 769 1941 provimiae
794 1899 864 1932 etc.
891 1896 954 1931 cfr.
981 1897 1039 1931 ΒΥ.
1059 1896 1128 1931 Th.
1148 1895 1211 1937 IX,
1231 1897 1261 1936 1,
1280 1897 1311 1929 5.

309 1954 396 1989 XIX
443 1955 632 1999 pereyrina
655 1953 791 1989 iudicia
816 1956 884 1990 ete.
913 1955 975 1989 cfr.
1002 1954 1060 1989 ΒΥ.
1082 1953 1148 1988 Th.
1168 1953 1229 1992 IX,
1251 1954 1280 1994 1,
1300 1955 1321 1989 5
1346 1952 1385 1987 in
1410 1953 1492 1987 fine.

275 2012 397 2047 XXVI
445 2012 665 2048 iudicantem
689 2015 826 2056 oportet
851 2014 922 2047 etc.
949 2011 1009 2047 cfr.
1038 2012 1095 2046 ΒΓ.
1114 2012 1182 2046 Th.
1201 2011 1247 2052 II,
1271 2011 1320 2052 18,
1342 2012 1356 2045 1
1385 2012 1423 2046 et
1448 2009 1514 2045 int.

273 2070 395 2104 XXXI
443 2070 531 2115 quia
554 2081 666 2104 vocem
690 2073 871 2115 funestam
897 2072 967 2105 etc.
994 2070 1057 2104 cfr.
1086 2069 1143 2104 ΒΓ.
1163 2069 1230 2104 Th.
1250 2068 1312 2107 IX,
1331 2069 1362 2109 3,
1380 2069 1402 2102 2
1427 2067 1466 2102 in
1492 2067 1572 2102 fine.

254 2127 395 2163 XXXII
436 2128 579 2172 placuit
602 2131 642 2162 ut
666 2131 852 2162 accusatus
876 2129 946 2162 eto.
974 2128 1037 2162 cfr.
1064 2128 1121 2162 Br.
1142 2127 1236 2162 Nov.
1255 2127 1367 2161 Marc.
1387 2126 1413 2163 Ι,
1434 2127 1451 2159 1
1479 2124 1544 2159 int.

235 2185 395 2220 XXXIII
443 2196 518 2220 non
540 2185 750 2220 credendum
775 2189 823 2220 est
849 2188 918 2220 etc.
945 2185 1008 2220 cfr.
1033 2185 1092 2219 Br.
1113 2185 1180 2219 Th.
1200 2184 1261 2225 IX,
1284 2186 1313 2223 1,
1333 2184 1351 2217 7
1378 2183 1445 2218 int.

235 2243 394 2278 XXXIV
441 2244 474 2278 si
498 2244 576 2288 quis
600 2243 752 2278 iudicem
777 2247 846 2279 etc.
874 2243 937 2278 cfr.
966 2243 1022 2277 ΒΓ.
1041 2244 1134 2278 Nov.
1153 2242 1236 2277 Val.
1254 2242 1336 2282 XII,
1356 2243 1373 2276 1
1402 2240 1468 2276 int.

255 2301 395 2336 XXXV
442 2301 589 2336 clericus
611 2301 681 2335 sive
705 2301 818 2336 laicus
843 2303 912 2336 etc.
939 2302 1002 2336 cfr.
1029 2301 1088 2336 Br.
1107 2302 1200 2336 Nov.
1218 2300 1300 2335 Val.
1319 2300 1400 2340 XII,
1427 2301 1438 2332 l
1468 2297 1535 2332 int.

200 2359 396 2394 XXXVIII
442 2360 483 2393 in
507 2359 756 2394 criminalibus
781 2359 899 2394 causis
924 2362 993 2395 etc.
1021 2360 1084 2394 cfr.
1110 2360 1168 2394 Br.
1188 2359 1255 2393 Th.
1274 2358 1336 2399 IX,
1358 2358 1386 2400 1,
1405 2358 1424 2390 9
1450 2356 1517 2391 int.

237 2416 396 2451 XXXIX
444 2417 712 2452 constitutiones
737 2420 807 2453 etc.
835 2417 898 2452 cfr.
926 2418 984 2452 Br.
1002 2417 1107 2452 Paul.
1129 2417 1192 2458 III,
1212 2419 1242 2458 6,
1263 2417 1294 2451 8.

277 2474 394 2510 XLIV
441 2475 474 2509 si
497 2474 644 2519 quando
668 2476 738 2510 eto.
766 2476 827 2510 cfr.
856 2476 914 2511 ΒΥ.
932 2475 1037 2510 Paul.
1055 2475 1099 2516 V,
1118 2476 1173 2516 37,
1194 2477 1210 2510 1
1236 2474 1305 2509 int.

293 2532 394 2566 LVII
441 2532 548 2567 iudex:
571 2533 800 2567 criminosum
827 2535 896 2568 etc.
924 2533 986 2568 cfr.
1013 2533 1072 2568 Br.
1092 2533 1158 2567 Th.
1180 2532 1240 2575 IX,
1258 2532 1311 2574 30,
1334 2533 1345 2565 1
1377 2530 1443 2565 inb.

304 2646 359 2681 Ex
385 2646 512 2683 codice
537 2645 724 2691 epitomae
751 2645 900 2692 Aegidii
926 2645 1094 2681 invenies
1118 2646 1211 2681 haec
1235 2645 1464 2690 fragmenta:

361 2727 395 2760 V
441 2737 503 2761 nec
525 2727 700 2761 sententia
725 2727 864 2761 absente
888 2728 958 2761 etc.
985 2727 1050 2761 cfr.
1076 2726 1143 2771 Ep.
1161 2726 1251 2771 Aeg.
1271 2725 1376 2760 Paul.
1395 2724 1438 2766 V,
1458 2725 1488 2766 5,
1508 2725 1539 2759 5.

367 2784 395 2818 L
443 2785 506 2828 qui
529 2784 570 2819 in
594 2784 743 2819 alterius
768 2787 838 2820 etc.
864 2784 927 2819 cfr.
953 2783 1020 2829 Ep.
1041 2785 1131 2830 Aeg.
1151 2784 1218 2818 Th.
1237 2783 1300 2825 IX,
1318 2784 1374 2825 24,
1394 2784 1424 2817 1.

306 2899 360 2934 Ex
385 2897 512 2934 codiee
538 2910 623 2935 vero
650 2897 837 2943 epitomae
862 2898 1052 2934 Parisinae
1078 2898 1187 2933 haec:

202 2979 361 3014 XXXVI
387 2980 425 3013 et
448 2978 625 3013 XXXVII
674 2979 907 3022 appellantem
931 2981 1000 3013 etc.
1028 2978 1090 3014 cfr.
1117 2978 1183 3023 Ep.
1203 2978 1285 3012 Par.
1305 2977 1372 3012 Th.
1392 2977 1455 3018 XI,
1473 2977 1505 3019 8,
1526 2978 1556 3012 1.
1581 2977 1612 3011 2.
1640 2976 1677 3016 3;

511 3036 628 3070 XLIX
675 3036 826 3070 delatori
850 3037 920 3071 etc.
946 3036 1010 3071 cfr.
1035 3036 1101 3082 Ep.
1122 3037 1203 3071 Par.
1222 3036 1290 3071 Th.
1309 3036 1351 3077 X,
1370 3037 1401 3076 5,
1423 3037 1457 3075 1;

436 3093 628 3128 LI—LIII
676 3094 708 3128 si
733 3094 812 3138 quis
836 3094 957 3128 iratus
981 3096 1051 3129 etc.
1079 3094 1142 3129 cfr.
1168 3094 1234 3139 Ep.
1258 3094 1338 3129 Par.
1357 3093 1426 3128 Th.
1444 3093 1505 3134 XI,
1523 3093 1555 3133 8,
1575 3094 1605 3127 1.
1632 3092 1662 3126 2.
1690 3092 1726 3132 3;

565 3152 626 3186 LX
670 3153 841 3196 pulsatus
867 3155 950 3187 ante
975 3154 1044 3188 ete.
1072 3152 1135 3187 cfr.
1161 3152 1227 3197 Ep.
1246 3152 1328 3186 Par.
1348 3151 1416 3187 Th.
1434 3152 1478 3193 II,
1501 3152 1529 3193 l,
1546 3151 1584 3191 4;

473 3209 629 3244 LXVIII
677 3210 738 3253 qui
761 3210 892 3244 crimen
916 3209 1071 3244 intendit
1096 3212 1166 3245 ete.
1193 3210 1256 3244 cfr.
1282 3209 1347 3254 Ep.
1368 3209 1448 3243 Par.
1468 3209 1536 3243 Th.
1556 3208 1616 3250 IX,
1637 3209 1666 3249 1,
1686 3207 1717 3242 7.

310 3339 338 3381 ⁸)
364 3339 526 3384 Capitula
550 3340 737 3373 secundum
762 3339 943 3374 editionem
969 3339 1095 3373 Mansii
1120 3343 1353 3373 numerantur.
