2501 3615
889 809 1085 851 OAPVT
1123 809 1426 857 QVARTVM.

633 919 990 972 BREVIARH
1037 919 1319 972 INTEGRI
1365 919 1678 973 CODICES.

306 1053 488 1089 Breviarii
515 1052 659 1088 codices
684 1055 833 1098 praeter
857 1052 1070 1088 decurtatos
1101 1056 1137 1089 et
1171 1053 1395 1099 epitomatos
1422 1056 1536 1100 caput
1567 1054 1635 1090 hoc
1668 1054 1721 1090 ita
1749 1053 2043 1099 comprehendit,
2078 1055 2119 1088 ut

191 1124 286 1157 quae
319 1112 363 1148 de
399 1111 667 1147 additamentis
697 1111 745 1146 ad
774 1111 911 1147 multos
942 1123 1065 1147 eorum
1101 1123 1144 1147 ex
1178 1111 1323 1158 integro
1358 1112 1612 1148 Theodosiano
1645 1111 1802 1147 adiectis
1834 1111 1991 1146 dicenda
2023 1113 2118 1149 sunt.

191 1169 322 1215 quinto
349 1168 468 1214 capiti
491 1168 725 1214 potissimum
744 1171 986 1205 reserventur.
1029 1170 1068 1203 In
1094 1170 1195 1204 nullo
1220 1182 1344 1206 eorum
1363 1171 1607 1216 archetypum
1626 1169 1878 1205 Alaricianum
1899 1168 2120 1214 simpliciter

190 1226 478 1273 repraesentari,
509 1226 816 1262 retractationem
849 1231 885 1262 et
913 1227 1245 1272 interpolationem
1270 1239 1394 1263 omnes
1420 1228 1576 1263 subiisse
1602 1228 1697 1263 infra.
1723 1227 1848 1273 capite
1874 1229 2022 1268 octavo,
2055 1225 2118 1260 ubi

190 1284 236 1321 de
253 1283 340 1320 crisi
358 1283 609 1320 Theodosiani
626 1284 761 1331 agitur,
787 1285 1133 1320 demonstrabimus.
1176 1285 1308 1321 Levior
1326 1298 1367 1321 ea
1387 1286 1458 1321 fuit
1483 1286 1520 1320 in
1546 1286 1651 1321 libris
1670 1284 1946 1328 AOEHNBG,
1973 1283 2120 1329 gravior

191 1341 231 1377 in
255 1340 582 1386 GXPMSLKQF
602 1345 640 1377 et
665 1353 891 1387 quamquam
917 1342 1002 1377 illos
1026 1345 1068 1378 ut
1093 1355 1131 1378 re
1157 1343 1211 1378 ita
1237 1346 1402 1389 tempore
1429 1344 1647 1389 praecedere
1671 1354 1907 1388 nequaquam
1934 1341 2119 1378 contendi-

189 1412 280 1443 mus,
305 1399 425 1435 nihilo
449 1399 572 1435 minus
598 1399 656 1435 illi
682 1399 832 1445 priores,
858 1400 898 1434 hi
925 1399 1147 1445 posteriores
1170 1400 1275 1435 nobis
1302 1401 1603 1446 appellabuntur.
1654 1401 1724 1437 Sed
1750 1400 1956 1436 videbimus
1982 1399 2117 1435 ibidem

190 1457 279 1494 fines
297 1456 397 1493 inter
413 1460 610 1503 utrumque
628 1458 794 1494 ordinem
814 1461 914 1494 certo
938 1458 1018 1504 regi
1042 1470 1114 1493 non
1136 1470 1242 1503 posse
1267 1470 1333 1494 nec
1359 1459 1517 1493 multum
1543 1458 1577 1493 ei
1602 1457 1858 1494 distributioni
1884 1457 2119 1493 tribuendum

190 1526 268 1551 esse
286 1516 441 1561 propter
458 1515 815 1552 contaminationem
833 1515 872 1550 in
890 1515 1148 1551 Theodosiano
1172 1515 1341 1552 breviato
1361 1518 1503 1551 mature
1529 1516 1728 1552 exercitam
1753 1519 1789 1551 et
1816 1516 1892 1551 late
1918 1517 2119 1560 patentem.

307 1618 461 1656 Codices
487 1619 552 1665 qui
582 1620 652 1655 hoc
679 1619 805 1665 capite
838 1622 1087 1661 recensentur,
1119 1622 1185 1654 aut
1219 1619 1348 1655 collati
1381 1621 1465 1654 sunt
1492 1619 1579 1661 toti,
1612 1619 1755 1655 scilicet
1782 1618 2122 1654 AOEHNBGGP

191 1676 316 1720 MSL,
346 1679 413 1713 aut
441 1689 486 1712 ex
511 1680 619 1723 parte
651 1677 796 1722 aliqua,
824 1690 919 1722 quae
952 1677 1050 1712 infra
1081 1677 1327 1719 indicabitur,
1360 1676 1505 1713 scilicet
1533 1676 1691 1721 XQKF.
1742 1676 1997 1721 Reliquorum,
2030 1687 2121 1720 quos

191 1734 331 1781 sprevi,
369 1734 515 1770 scilicet
544 1735 813 1771 Vaticanorum
849 1735 1003 1771 duorum
1034 1734 1185 1781 reginae
1221 1735 1308 1769 1128
1343 1737 1401 1777 (=
1428 1736 1469 1769 16
1495 1735 1649 1779 Haenel)
1685 1738 1723 1769 et
1756 1732 1998 1769 Ottoboniani
2030 1734 2119 1768 2225

191 1793 249 1835 (=
270 1792 312 1826 17
332 1792 389 1837 H.)
415 1794 454 1828 et
477 1792 808 1838 Montispessulani
832 1792 877 1827 84
903 1793 960 1835 (Ξ
980 1792 1023 1826 14
1046 1791 1104 1836 H.)
1129 1791 1285 1827 retentis
1309 1791 1470 1827 numeris
1487 1791 1726 1828 Haenelianis
1750 1791 1937 1836 specimen
1964 1790 2048 1826 dedi
2073 1790 2121 1825 ad

190 1849 293 1885 locos
315 1849 400 1885 hos:
429 1848 537 1891 1,3‚1
557 1870 602 1874 —
626 1850 763 1891 2‚19‚2
789 1870 831 1875 -
858 1849 1199 1892 2‚30‚1—3‚3‚1
1228 1870 1269 1874 —
1296 1850 1431 1891 3,5,1‘2
1458 1870 1500 1874 —-
1526 1850 1662 1891 53‚30,6
1687 1869 1731 1874 —
1755 1849 1863 1892 4‚4‚7
1885 1869 1922 1874 -—
1949 1849 2122 1891 4,8‚7-

190 1908 388 1949 4‚22,5-
414 1907 528 1949 5‚1‚9
555 1928 597 1933 ——
624 1908 737 1949 5,7‚2
763 1927 806 1933 —
832 1907 943 1949 5‚9‚1
971 1929 1015 1933 —
1040 1907 1176 1949 8‚13,3
1205 1927 1247 1932 —
1272 1908 1409 1949 9,1‚14
1437 1929 1479 1933 -
1507 1908 1604 1950 1¹2,1,
1622 1908 1662 1942 19
1689 1928 1731 1932 ——
1760 1908 1901 1951 15‚1,9.

306 2006 499 2047 Parisinus
524 2011 605 2048 Lat.
626 2012 735 2046 12161
763 2011 922 2056 (Haenel
946 2012 991 2047 22
1010 2027 1052 2041 =
1070 2012 1162 2056 31)),
1195 2014 1306 2048 antea
1333 2011 1542 2047 Corbiensis
1574 2013 1660 2051 (non
1685 2010 1958 2054 Floria-censis),
1992 2009 2121 2046 deinde

192 2069 226 2105 S.
244 2069 420 2106 Germani
446 2069 551 2111 1278,
584 2070 801 2114 Hieronymi
832 2069 1004 2105 libellum
1035 2069 1079 2104 de
1113 2069 1202 2104 viris
1236 2069 1446 2104 illustribus
1478 2069 1629 2104 exhibet
1660 2069 1841 2114 scriptum
1871 2079 1964 2104 saec.
1984 2067 2052 2102 VII
2084 2067 2120 2102 in

189 2127 415 2164 membranis
440 2139 484 2163 ex
507 2130 616 2174 parte
640 2127 836 2171 deletieiis‚
859 2139 1016 2173 quarum
1040 2127 1112 2163 duo
1134 2127 1226 2162 folia
1250 2128 1388 2162 formae
1413 2127 1625 2162 octonariae
1649 2139 1683 2172 p.
1699 2127 1776 2170 ‘ils-2
1800 2128 1837 2161 et
1859 2126 1937 2169 7:3s4
1960 2125 2015 2161 ita
2041 2136 2120 2159 con-

190 2185 321 2221 iuncta
353 2197 468 2221 unum
498 2185 629 2221 folium
660 2186 823 2221 formant
853 2185 996 2221 moduli
1026 2185 1196 2227 maioris⁷
1231 2185 1407 2220 exhibens
1439 2184 1625 2230 scriptura
1656 2183 1840 2220 anteriore
1871 2182 2120 2218 Theodosiani

189 2243 396 2280 Alariciani
430 2243 716 2280 constitutiones
748 2256 769 2279 a
795 2244 953 2286 2‚4,4‚2
978 2244 1141 2288 rescripti
1172 2243 1219 2278 ad
1249 2243 1325 2285 2,(3,
1343 2243 1409 2284 3,2
1435 2243 1591 2284 contine,
1625 2241 1688 2276 sed
1719 2240 1876 2286 pessime
1901 2240 2053 2276 habitas
2084 2242 2122 2275 et

190 2313 329 2348 magna
357 2313 402 2338 ex
427 2302 535 2347 parte
561 2301 748 2337 evanidas.
800 2302 840 2336 In
867 2302 985 2337 altero
1010 2302 1102 2337 folio
1128 2301 1270 2346 (pti-⁷26
1296 2304 1333 2337 et
1359 2313 1394 2345 p.
1410 2300 1536 2345 79J80),
1564 2300 1661 2344 quod
1686 2299 1776 2335 item
1801 2311 1844 2335 ex
1865 2297 2120 2334 Theodosiano

193 2359 342 2395 videtur
366 2359 572 2401 desectum,
606 2371 751 2405 paucae
782 2362 931 2395 tantum
961 2360 1112 2396 litterae
1138 2362 1346 2405 supersunt.
1399 2360 1525 2393 Insunt
1551 2359 1707 2393 fortasse
1732 2357 1768 2391 in
1797 2356 1981 2392 volumine
2007 2355 2120 2391 etiam

194 2416 271 2453 alia
296 2417 459 2453 eiusdem
485 2416 625 2452 codicis
649 2417 741 2453 folia
766 2418 925 2454 evanida
950 2420 1042 2454 tota.
1083 2417 1177 2452 Mihi
1202 2421 1352 2463 praesto
1373 2416 1446 2451 fuit
1472 2416 1679 2461 exemplum
1705 2415 1784 2450 folii
1812 2413 1923 2460 primi
1949 2415 2121 2449 accurate

193 2476 233 2511 et
262 2474 383 2521 perite
415 2485 437 2510 a
462 2475 650 2522 Kruegero
676 2478 888 2521 exceptum3
919 2476 1064 2521 reliqua
1095 2474 1356 2521 praetermissa
1387 2477 1482 2510 sunt.
1532 2473 1696 2518 Egerunt
1729 2473 1773 2507 de
1804 2471 1904 2506 foliis
1934 2471 1979 2506 iis
2005 2471 2121 2506 Mont-

191 2532 327 2568 faucon
351 2543 519 2567 nouveau
542 2533 650 2567 traite
674 2533 718 2568 de
743 2533 948 2577 diplmnatie
975 2534 1044 2569 vol.
1062 2534 1083 2568 3
1108 2546 1143 2579 p.
1164 2534 1239 2574 144,
1266 2532 1448 2568 149—151
1476 2532 1552 2566 tab.
1572 2530 1687 2571 XLII;
1714 2530 1821 2565 Pertz
1838 2529 1967 2563 Archiv:
1991 2529 2020 2568 7,
2037 2529 2123 2569 719;

190 2590 324 2626 Blume
351 2589 410 2624 die
431 2589 683 2634 westyothisclae
698 2591 867 2634 Antiqua
884 2591 1002 2635 (1847)
1021 2603 1056 2636 p.
1071 2591 1158 2625 XXI
1174 2602 1248 2634 seq.
1270 2592 1307 2625 et
1332 2589 1432 2634 apud
1451 2588 1669 2625 Haenelium
1694 2587 1717 2621 l.
1737 2600 1767 2622 c.
1786 2608 1829 2612 —
1847 2587 1925 2621 Hoc
1951 2585 1986 2620 ni
2014 2585 2122 2620 fallor

193 2647 358 2683 omnium
382 2659 479 2693 quae
511 2650 642 2683 extant
672 2648 939 2694 exemplarium
970 2647 1147 2684 breviarii
1180 2646 1481 2692 antiquissimum
1511 2648 1569 2682 est
1598 2644 1777 2690 scriptum
1808 2643 1918 2680 facile
1948 2655 2042 2679 saec.
2060 2643 2120 2684 Vl,

194 2705 258 2741 sed
283 2717 350 2751 pro
375 2705 564 2742 brevitate
590 2705 709 2751 partis
735 2706 949 2752 superstitis
975 2718 1046 2741 non
1071 2706 1231 2742 multum
1256 2705 1342 2741 inde
1367 2704 1587 2750 proficimus.

308 2809 575 2845 Ambrosianus
605 2809 701 2845 liber
732 2809 770 2845 C.
788 2809 831 2844 29
850 2809 914 2844 inf.
941 2821 1036 2845 saec.
1056 2809 1107 2844 XI
1134 2809 1289 2852 (Haenel
1315 2810 1336 2843 5
1356 2824 1397 2837 =
1418 2808 1493 2852 20),
1530 2807 1657 2842 finiens
1689 2806 1843 2842 mutilus
1873 2805 1905 2845 2,
1918 2806 1950 2846 4,
1966 2804 2001 2845 6,
2038 2816 2120 2839 cum

193 2867 355 2903 maxime
380 2867 488 2903 utilis
513 2867 563 2902 sit
594 2879 661 2913 per
686 2867 866 2909 auctaria,
893 2879 988 2912 quae
1014 2867 1059 2903 de
1085 2878 1127 2903 eo
1154 2866 1309 2902 dicenda
1335 2868 1420 2901 sunt
1445 2864 1733 2910 explicabuntur
1757 2862 1881 2908 capite
1908 2862 2047 2907 quinto.

310 2971 528 3007 Oxoniensis
551 2970 777 3007 Bodleianus
803 2970 1044 3007 Seldenianus
1070 2971 1098 3005 B
1119 2970 1162 3006 16
1187 2971 1312 3014 (antea
1335 2968 1430 3005 Seld.
1447 2968 1492 3003 32
1516 2967 1621 3003 Bodl.
1635 2967 1743 3007 3:36&
1770 2965 1910 3001 Haenel
1931 2966 1971 3000 15
1991 2981 2032 2994 =
2053 2966 2120 3009 19),

194 3028 358 3075 scriptus
389 3032 446 3066 est
477 3031 532 3073 (ut
565 3029 732 3076 egregrie
767 3028 1035 3065 demonstravit
1069 3028 1151 3063 Gul.
1177 3028 1315 3064 Stubbs
1338 3026 1538 3062 ‘willelmi
1566 3022 1903 3060 Malmesburiensis
1934 3023 1978 3058 de
2008 3022 2124 3068 gestis

194 3098 324 3133 regum
349 3087 555 3133 Anglorum
586 3087 675 3122 libri
699 3087 748 3128 V;
784 3085 962 3122 historiae
995 3085 1164 3121 novellae
1196 3084 1285 3119 libri
1306 3081 1375 3119 III'
1400 3081 1572 3118 Londinii
1598 3082 1685 3117 1887
1717 3080 1755 3115 in
1787 3080 1901 3125 praef.
1933 3079 1980 3115 ad
2012 3079 2121 3114 vol.l

315 3204 342 3247 1)
367 3205 499 3239 Haenel
524 3206 656 3239 codices
680 3206 848 3238 Breviarii
878 3204 1048 3238 recensuit
1076 3204 1145 3242 bis,
1177 3204 1324 3246 primum
1357 3213 1387 3235 a.
1412 3200 1496 3235 1841
1531 3201 1565 3233 in
1597 3199 1844 3242 prolegomenis
1874 3198 1917 3230 ad
1944 3199 2123 3231 editionem

196 3251 443 3293 Theodosiani,
478 3252 599 3284 deinde
630 3263 662 3284 a.
689 3250 778 3284 1849
811 3252 846 3284 in
879 3250 1127 3295 prolegomenis
1159 3250 1202 3282 ad
1233 3250 1412 3282 editionem
1445 3248 1532 3290 legis
1565 3247 1739 3278 Romanae
1764 3245 2019 3286 Visigothorum
2052 3245 2125 3276 sive

194 3298 363 3331 Breviarii
388 3298 587 3331 Alariciani.
637 3298 879 3331 Enarrationes
904 3308 962 3330 eae
987 3297 1096 3329 factae
1123 3296 1254 3328 curiose
1280 3300 1314 3328 et
1338 3295 1518 3337 diligenter
1543 3303 1621 3325 cum
1646 3291 1812 3323 Breviarii
1842 3296 1954 3333 partes
1983 3302 2003 3323 a
2027 3290 2124 3322 nobis

196 3344 267 3377 fere
297 3344 554 3387 praetermissas
583 3345 664 3377 item
695 3343 994 3387 comprehendant,
1044 3353 1137 3376 meas
1170 3342 1296 3384 passim
1327 3341 1544 3384 supplebunt.
1602 3339 1672 3370 Eae
1703 3337 1888 3370 laudantur
1918 3337 1953 3369 in
1986 3336 2125 3370 elencho

195 3394 312 3424 nostro
336 3390 402 3424 sub
425 3401 570 3424 numero
594 3390 732 3434 duplici.

2148 2013 2260 2045 Paris.
2278 2015 2319 2045 12
2331 2015 2387 2045 161

2174 2968 2201 3000 O
