2501 3615
948 172 988 177 —
1040 150 1216 187 CCCXIII
1265 170 1306 176 -—

259 259 298 296 U.
323 272 351 296 c.
376 261 419 295 Sss
448 275 489 288 =
517 258 575 294 Br.
602 257 670 293 Th.
698 257 765 297 XI,
794 258 846 295 14.
874 258 894 291 2
932 257 1008 302 [cfr.
1043 257 1129 292 Ben.
1157 256 1241 291 Lev.
1270 256 1339 297 ΙΙΙ,
1363 255 1449 294 283;
1488 253 1609 288 lvonis
1642 252 1835 288 Decretum
1875 251 1976 295 XVI,
2003 253 2085 294 ·2‹›4;

576 315 772 351 Panormi-a
799 315 842 352 V.
861 315 963 359 21].’)

257 376 299 411 U.
325 388 354 410 c.
377 375 452 409 δῖα
478 390 519 403 =
545 374 612 419 Ep.
631 377 720 419 Aeg.
740 373 844 408 Paul.
863 373 906 413 V,
924 374 979 414 39,
1003 375 1029 408 l.

364 525 420 566 II.
467 525 677 566 Breviarii
706 538 806 565 usus
837 524 880 564 in
912 522 1067 575 Gallia,
1100 523 1333 564 Germania
1365 521 1696 578 regionibusque
1729 521 1889 562 vicinis.

278 616 363 651 Mox
389 616 503 652 etiam
529 616 566 651 iu
592 616 815 650 Francorum
844 626 957 659 regno
975 614 1158 648 Breviarii
1185 613 1321 648 notitia
1347 613 1502 649 exstitit..
1544 613 1655 649 Sexto
1680 612 1775 646 enim
1802 611 1949 646 saeculo
1975 611 2092 645 maior
2140 610 2364 642 Prooemium.

165 685 250 720 pars
282 674 429 710 Galliae
446 673 704 720 Visigothicae
730 673 953 708 Francorum
990 671 1141 717 regibus
1167 671 1331 715 cessit2)‚
1366 671 1461 705 unde
1488 669 1716 705 Breviarium
1747 668 1946 714 paullatim
1977 668 2091 704 etiam

165 731 204 766 in
236 731 312 766 illis
344 731 518 777 partibus
549 731 654 778 regni
679 729 924 776 Merovingici
950 729 1192 775 procedebat,
1226 740 1321 772 quae
1347 740 1533 772 nunquam
1560 731 1671 763 antea
1696 727 1762 761 sub
1789 726 1919 762 Gothis
1943 726 2093 762 fuerant

164 791 204 825 et
219 801 303 824 mox
321 801 446 825 omnes
468 789 626 825 Romani
646 789 783 824 ibidem
801 788 1019 823 habitantes
1044 789 1082 822 et
1108 786 1277 828 ecclesia,
1302 798 1396 830 quae
1422 786 1457 820 in
1485 786 1553 820 hoc
1580 797 1691 830 reguo
1718 785 1795 819 iure
1814 783 1978 819 Romano
1997 783 2093 817 vive-

164 847 242 889 bat,
260 847 330 883 hoc
351 847 447 882 libro
465 848 711 891 utebantur.³)
749 846 820 881 Sed
840 845 944 891 vigor
961 844 1049 885 eius,
1068 847 1110 879 ut
1124 844 1370 879 Mommsenus
1387 843 1424 877 in
1443 843 1502 877 his
1516 842 1789 887 prolegomenis
1805 842 1852 887 [p.
1868 841 2054 882 XXXVII,
2073 842 2094 875 9

166 908 205 941 et
228 905 413 951 LXXXII]
441 905 722 945 demonstravit,
748 916 820 939 non
846 905 923 938 tam
949 915 968 938 e
995 901 1275 938 commonitorio
1294 901 1433 936 Alarici
1459 901 1556 946 regis
1581 900 1772 946 pependit,
1799 911 1908 944 quam
1935 911 1978 934 ex
2004 898 2094 933 iuris

167 962 327 998 Romani
365 963 556 1009 agnitione
596 963 741 998 civibus
773 961 949 997 Romanis
979 959 1149 995 omnibus
1186 963 1224 995 et
1261 958 1496 1005 potissimum
1529 958 1672 993 clericis
1703 970 1768 1003 per
1801 957 1946 993 diversa
1980 968 2095 1002 regna

170 1020 319 1056 Gallica
347 1021 570 1068 degentibus
596 1019 792 1056 communi.
842 1020 974 1064 Itaque
999 1018 1248 1059 Brevi-arium,
1274 1017 1444 1062 quamvis
1469 1028 1655 1061 nunquam
1687 1028 1752 1060 pro
1778 1016 1860 1061 lege
1886 1014 2095 1060 promulga-

167 1082 247 1114 tum
272 1079 332 1119 sit,
359 1080 460 1125 apud
487 1091 549 1114 eos
574 1079 633 1114 lex
658 1078 825 1113 Romana
851 1080 931 1112 erat
957 1076 1188 1120 aliorumque
1213 1075 1505 1121 fragmentorum
1530 1073 1620 1108 iuris
1645 1073 1811 1113 Romani,
1838 1084 1932 1116 quae
1958 1071 2095 1107 ibidem

167 1149 190 1172 a
213 1136 399 1182 prioribus
419 1136 649 1182 temporibus
676 1136 724 1171 ad
749 1147 879 1170 manus
903 1135 1062 1176 fuerunt,
1091 1133 1265 1179 vigorem,
1292 1132 1492 1178 paullatim
1518 1131 1759 1177 plurimorum
1784 1130 1898 1165 etiam
1923 1129 2094 1165 notitiam

167 1195 354 1240 amovit.⁴)
401 1194 576 1240 Singulos
604 1205 689 1229 vero
721 1193 876 1230 clericos
906 1192 945 1227 iu
969 1193 1039 1227 hoc
1064 1202 1178 1237 regno
1209 1190 1287 1225 iure
1319 1189 1483 1225 nationis
1509 1200 1595 1223 suae
1622 1187 1756 1223 vixisse
1783 1188 1894 1222 variis
1918 1187 2096 1232 exemplis

168 1252 413 1288 demonstrari
437 1255 574 1297 potest.

285 1321 463 1356 Romanis
489 1320 594 1367 regni
623 1319 852 1366 Burgundici
878 1331 900 1354 a
920 1317 1148 1354 Gundobado
1175 1318 1234 1353 lex
1259 1316 1428 1352 Romana
1454 1314 1757 1361 Burgundionum
1783 1314 1871 1349 data
1895 1317 1960 1355 est,
1987 1326 2097 1358 quam

170 1378 410 1424 supplebant,
437 1378 549 1414 aliter
566 1381 680 1422 atque
705 1377 743 1412 in
768 1389 881 1423 regno
898 1376 1135 1423 Visigothico
1159 1379 1243 1421 post
1268 1374 1573 1410 constitutionem
1590 1372 1842 1407 Alaricianam
1866 1372 2005 1406 factum
2032 1375 2097 1412 est,

169 1436 227 1472 ius
246 1436 446 1482 variaeque
464 1437 566 1482 leges
586 1436 670 1471 aevi
689 1435 856 1478 Romani,
876 1435 999 1480 quoad
1017 1432 1351 1469 constitutionibus
1367 1444 1496 1477 regum
1515 1430 1817 1476 Burgundionum
1834 1441 1906 1463 non
1931 1432 2098 1464 mutatae

169 1497 301 1540 sunt.⁶)
349 1495 400 1530 At
424 1493 751 1541 Burgundionibus
776 1505 808 1528 a.
828 1494 895 1528 532
924 1504 1038 1539 regno
1063 1493 1285 1527 Francorum
1319 1489 1498 1525 subiectis
1509 1491 1535 1531 θ)
1562 1488 1700 1523 ibidem
1724 1486 1971 1523 Breviarium.
2003 1498 2099 1531 quae

169 1553 230 1588 lex
253 1552 352 1589 inter
369 1551 658 1598 compilationes
682 1551 772 1586 iuris
792 1551 950 1586 Romani
975 1551 1014 1586 in
1037 1549 1161 1596 regnis
1179 1547 1408 1584 Germanicis
1435 1546 1616 1582 adhibitis
1640 1546 1751 1591 longe
1777 1543 2098 1590 praestantissima

170 1614 209 1646 et
233 1610 467 1657 amplissima
495 1612 586 1651 erat,
612 1609 815 1655 paullatim
840 1609 964 1644 locum
988 1609 1137 1644 illorum
1167 1607 1326 1643 fontium
1347 1605 1521 1641 obtinuit.
1567 1604 1647 1645 Qua
1673 1616 1711 1638 re
1737 1603 1774 1638 id
1800 1603 1912 1638 etiam
1939 1601 2099 1647 explica—

170 1672 241 1711 tur,
268 1669 366 1714 quod
391 1669 463 1704 hae
489 1668 585 1703 duae
614 1667 716 1713 leges
742 1667 779 1702 in
805 1667 995 1703 codicibus
1021 1678 1132 1712 saepe
1159 1665 1525 1711 coniungebantur.⁷)

289 1738 446 1785 Saepius
470 1740 641 1784 quaestio
674 1742 757 1776 orta
786 1743 858 1781 est,
890 1751 977 1774 num
1003 1737 1156 1773 Carolus
1180 1736 1338 1782 Magnus
1366 1734 1546 1770 Breviarii
1579 1747 1684 1769 usum
1718 1733 1755 1767 in
1780 1744 1892 1777 regno
1925 1741 1990 1765 suo
2015 1741 2097 1764 con·
2158 1738 2305 1770 Carolng

175 1796 397 1833 firmavisset
429 1797 666 1842 codicemque
700 1797 955 1833 Alaricianum
990 1794 1173 1841 expressis
1212 1793 1333 1829 verbis
1368 1793 1465 1827 inter
1499 1792 1601 1838 leges
1633 1792 1855 1826 Francorum
1890 1787 2101 1833 recepisset.
2152 1784 2311 1826 Maynuss·

172 1855 328 1891 Praeter
348 1854 549 1891 Comatum
575 1855 743 1900 aliosque
756 1857 782 1899 ⁸)
809 1866 850 1890 ea
878 1855 922 1889 de
947 1866 986 1889 re
1012 1852 1195 1898 imprimis
1218 1852 1466 1886 Mommsenus
1492 1850 1531 1885 in
1555 1849 1664 1884 huius
1689 1848 1811 1894 operis
1828 1843 2102 1891 Prolegomenis

173 1913 223 1958 [p.
241 1913 397 1948 XXXIV
420 1913 503 1948 add.
529 1917 568 1949 et
593 1913 782 1958 XXXVII]
810 1912 900 1958 egit.
949 1911 1040 1947 Cum
1067 1910 1252 1951 clausula,
1285 1921 1397 1954 quam
1423 1908 1596 1944 Cuiacius
1628 1907 1798 1953 praebet,
1835 1916 1906 1940 non
1938 1901 2102 1948 vulgaris

172 1970 223 2006 sit
248 1983 368 2016 neque
394 1971 432 2006 in
449 1971 527 2007 ullo
546 1970 683 2013 codice,
711 1971 776 2015 qui
802 1971 849 2005 ad
873 1981 938 2006 nos
963 1968 1143 2015 pervenit,
1170 1968 1247 2014 legi
1265 1968 1394 2014 possit,
1420 1967 1517 2002 nihil
1542 1966 1579 2001 in
1605 1966 1675 2001 hac
1700 1977 1738 2000 re
1764 1965 1905 1999 incerta
1931 1961 2103 2007 opinione

171 2028 307 2065 melius
339 2029 448 2065 nobis
482 2029 677 2075 supererit.
732 2028 803 2064 Sed
835 2028 1116 2063 animadvertas
1153 2026 1283 2072 paucis
1316 2026 1390 2061 iam
1424 2024 1612 2060 decenniis
1644 2026 1730 2069 post
1763 2023 1948 2057 decessum
1981 2017 2103 2054 Caroli

172 2087 211 2122 in
236 2087 409 2132 partibus
433 2088 539 2134 regni
565 2087 790 2123 Francorum
815 2087 1026 2132 opinionem
1055 2085 1242 2121 exstitisse
1267 2083 1510 2125 Breviarium,
1538 2083 1636 2127 quod
1662 2081 1762 2127 apud
1787 2080 1970 2115 Romanos
1994 2077 2103 2112 huius

172 2145 279 2190 regni
303 2145 379 2180 iam
407 2148 519 2182 antea
545 2145 813 2181 consuetudine
839 2144 1004 2191 vigorem
1036 2143 1189 2187 habuit,
1223 2143 1270 2178 ab
1304 2142 1371 2177 illo
1403 2153 1489 2188 rege
1523 2139 1727 2175 clarissimo
1752 2138 1889 2174 eisdem
1921 2147 1986 2181 pro
2019 2135 2101 2180 lege

173 2202 315 2248 scripta
341 2204 471 2239 datum
496 2215 586 2240 esse.
628 2203 734 2244 Quod
757 2203 830 2238 nisi
855 2202 912 2238 ita
937 2202 1078 2245 fuisset,
1105 2201 1330 2237 Benedictus
1347 2199 1481 2235 Levita
1506 2210 1581 2234 non
1606 2209 1715 2232 ausus
1740 2198 1836 2232 esset
1861 2206 1905 2230 ex
1930 2194 2011 2239 lege
2036 2193 2103 2228 illa

295 2333 321 2377 ²)
347 2336 393 2368 Ut
409 2335 532 2368 Ficker
549 2335 570 2367 1.
587 2345 615 2367 c.
635 2333 891 2372 demonstravit,
917 2338 1030 2366 textus
1049 2334 1265 2366 Usaticorum
1282 2331 1464 2365 Benedicto
1483 2329 1618 2373 propior
1635 2339 1735 2370 quam
1753 2326 1849 2358 Ivoni
1868 2336 1940 2358 esse
1958 2324 2101 2356 videtur.

289 2397 318 2440 ²)
344 2398 457 2431 Medio
487 2398 626 2431 saeculo
659 2403 779 2430 octavo
812 2397 912 2430 etiam
944 2398 1151 2440 Septimania
1176 2396 1388 2439 Visigothica
1414 2393 1557 2426 Francis
1589 2392 1699 2424 cessit.
1748 2389 1976 2427 Breviarium,
2013 2387 2102 2429 quod

172 2444 298 2477 ibidem
322 2450 399 2487 post
423 2445 698 2478 constitutionem
725 2444 948 2477 Reccesvindi
974 2443 1205 2482 obsoleverat,
1237 2448 1389 2485 tempore
1414 2442 1622 2473 Francorum
1648 2443 1687 2470 ut
1717 2437 1752 2468 in
1776 2436 1852 2468 aliis
1877 2435 1980 2466 huius
2004 2434 2101 2476 regni

173 2490 374 2534 regionibus
399 2492 511 2524 denuo
537 2491 785 2524 consuetudine
809 2490 970 2523 Romanis
995 2501 1055 2533 pro
1079 2490 1156 2532 lege
1180 2490 1287 2522 fuisse
1312 2489 1457 2521 videtur.
1500 2488 1655 2518 Brunner
1680 2485 1704 2522 Ι,
1724 2481 1828 2521 36073
1855 2483 1979 2513 Conrat
2002 2481 2029 2520 Ι,
2046 2478 2103 2512 42.

291 2553 318 2597 ⁸)
344 2555 501 2597 Loening
533 2555 585 2596 II,
611 2552 678 2586 284
693 2565 760 2597 sq.;
802 2555 959 2586 Brunner
989 2555 1020 2596 I,
1046 2552 1113 2586 269
1145 2558 1178 2586 et
1213 2551 1295 2593 360;
1337 2552 1464 2583 Conrat
1493 2551 1524 2589 Ι,
1550 2548 1668 2590 4Isq.;
1712 2547 1848 2579 Halban
1882 2547 1928 2585 ΙΙ,
1955 2543 2021 2577 323
2036 2556 2101 2586 sq.;

174 2601 388 2635 Sehroeder⁴
412 2599 481 2633 230
496 2599 534 2633 ¹⁰.

292 2659 319 2701 ⁴)
345 2659 626 2701 Fragmentorum
651 2659 897 2691 Vaticanorum
931 2663 965 2690 et
997 2656 1268 2690 Consultationis
1301 2655 1425 2687 veteris
1459 2654 1636 2686 cuiusdam
1671 2651 1902 2685 iurisconsulti
1940 2649 2102 2681 ecclesiae

176 2705 357 2748 scriptores
373 2706 551 2737 minimum
569 2716 670 2738 usum
688 2706 861 2745 fecerunt;
886 2705 1077 2747 fragmenta
1092 2703 1231 2745 L'lpIani
1255 2707 1351 2734 sexto
1376 2702 1446 2733 fere
1463 2700 1598 2732 saeculo
1617 2699 1792 2732 Breviario
1809 2697 2102 2739 adiungebantur;

175 2753 244 2786 Gai
267 2752 434 2794 Paulique
459 2762 563 2794 opera
587 2762 656 2784 non
679 2752 814 2793 integra
838 2762 944 2793 regno
968 2751 1178 2782 Francorum
1203 2754 1284 2781 nota
1309 2753 1421 2786 erant,
1453 2751 1586 2779 tantum
1612 2746 1647 2777 in
1672 2744 1918 2787 appendicibus
1943 2748 1976 2774 et
2003 2742 2104 2773 inter-

175 2798 409 2842 polationibus
432 2798 601 2831 Breviarii
625 2798 792 2840 quaedam
810 2797 909 2829 Pauli
935 2798 1127 2839 fragmenta
1151 2800 1247 2827 extra
1264 2794 1478 2827 Breviarium
1503 2793 1666 2835 vagantia
1690 2791 1940 2823 adhibebantur
1965 2788 2103 2820 ibidem-

176 2855 244 2888 que
269 2845 438 2877 nonnulla
461 2855 504 2876 ex
527 2844 762 2877 Theodosiano
787 2844 938 2886 genuino
963 2844 1092 2875 inserta
1116 2847 1206 2874 sunt.
1256 2841 1360 2873 Liber
1383 2840 1464 2871 XVI
1489 2838 1718 2871 Theodosiani
1744 2836 1972 2877 Novellaeque
1998 2833 2103 2867 eccle-

175 2893 248 2924 siae
270 2901 353 2924 vero
378 2891 524 2924 maximo
548 2891 629 2924 usui
652 2891 811 2930 fuerunt;
836 2890 894 2922 cfr.
922 2890 1049 2922 Conrat
1073 2890 1099 2930 I,
1117 2886 1158 2920 81
1175 2899 1224 2930 sq.
1246 2885 1310 2919 143
1335 2891 1369 2919 et
1393 2886 1531 2918 Halban
1556 2886 1599 2926 11,
1618 2882 1684 2917 323
1696 2895 1745 2926 sq.
1770 2882 1838 2915 348
1851 2893 1899 2924 sq.

296 2954 324 2995 ⁵)
348 2954 508 2987 Brunner
532 2955 558 2992 I,
576 2951 663 2992 356;
689 2953 823 2986 Halban
849 2954 875 2992 1,
893 2950 971 2985 268.

294 3016 322 3059 ‘)
346 3017 446 3049 Anno
471 3014 539 3050 536
575 3017 736 3059 Wittiges
761 3016 1044 3058 Ostrogothorum
1082 3025 1142 3046 rex
1178 3013 1461 3053 Provinciam,
1498 3023 1598 3054 quam
1635 3009 1833 3052 Ostrogothi
1867 3019 1898 3041 a.
1924 3005 1992 3041 510
2029 3011 2105 3050 post

178 3068 321 3096 mortem
346 3062 476 3096 Alarici
501 3073 522 3095 a
541 3063 730 3106 visigothis
757 3068 970 3103 acceperant,
996 3061 1139 3094 Francis
1164 3060 1315 3092 tradidit.
1364 3060 1491 3092 Kiener
1516 3059 1547 3099 5,
1565 3056 1619 3098 22,
1637 3056 1682 3089 23
1695 3057 1716 3088 ⁷.

293 3126 324 3167 ⁷)
349 3127 410 3159 ch·-
435 3127 592 3159 Brunner
615 3127 641 3163 1,
658 3124 726 3159 356
739 3137 807 3168 sq.;
832 3126 958 3158 Conrat
984 3126 1009 3166 Ι,
1027 3123 1070 3157 37
1085 3135 1134 3167 sq.
1184 3124 1271 3156 Salis
1301 3123 1335 3155 in
1361 3123 1508 3155 editione
1539 3132 1629 3154 nova
1662 3120 1766 3152 huius
1800 3119 1885 3161 legis
1910 3118 1955 3150 M.
1977 3118 2017 3150 G.
2035 3117 2102 3149 LL.

179 3173 283 3207 sectio
307 3174 334 3214 l,
360 3173 400 3205 Τ.
418 3173 461 3213 ΙΙ,
483 3171 538 3213 13;
563 3172 704 3205 Halban
728 3173 754 3211 I,
773 3170 840 3204 269
855 3171 875 3203 ¹.

297 3236 325 3277 ⁸)
350 3235 446 3269 Sav.²
468 3237 512 3275 11,
533 3234 598 3269 164
610 3246 676 3278 sq.;
706 3235 841 3267 Haenel
864 3235 964 3274 LRV.
989 3234 1089 3266 XXII
1102 3244 1168 3275 sq.;
1195 3233 1319 3265 Conrat
1345 3233 1369 3271 Ι,
1387 3230 1431 3263 44
1456 3235 1489 3264 et
1515 3229 1597 3270 2263
1623 3229 1747 3262 Tardif
1768 3229 1836 3260 OR.
1861 3225 1938 3266 135;
1964 3227 2103 3258 Patetta

179 3283 254 3316 AG.
269 3283 408 3323 XLVII,
428 3280 471 3315 13
483 3293 548 3325 sq.;
573 3282 610 3313 P.
628 3282 804 3321 Fournier,
830 3282 919 3313 Anu.
938 3281 1030 3313 Grat.
1050 3281 1109 3320 XI,
1128 3277 1206 3312 398.
1231 3296 1276 3301 —-
1297 3278 1461 3310 Memoria
1478 3277 1620 3319 dignum
1647 3282 1697 3308 est
1714 3274 1875 3307 Carolum
1902 3274 2004 3305 misso
2030 3273 2101 3304 eui-

181 3329 261 3362 dam
282 3329 319 3361 in
343 3328 494 3363 Galliam
518 3328 674 3371 delegato
704 3328 740 3360 in
764 3326 942 3369 capitulari
967 3327 1050 3358 anni
1075 3324 1234 3357 801-14
1252 3323 1293 3365 (Ᾰέ)
1319 3324 1547 3367 praecepisse:
1577 3320 1682 3365 ‘Lege
1715 3322 1825 3363 legem
1852 3322 2040 3352 Romanam
2066 3324 2100 3350 et

181 3376 270 3408 sicut
293 3375 342 3408 ibi
364 3375 530 3416 invenies,
555 3374 676 3407 exinde
700 3371 819 3407 facias'
844 3370 906 3416 [M.
925 3374 964 3405 G.
985 3373 1091 3416 Capit.
1118 3373 1143 3413 1,
1164 3369 1240 3410 145,
1259 3369 1306 3413 2].

318 3441 458 3477 Tmou.
477 3441 505 3477 Ι.
1807 3445 1832 3469 u
