2501 3615
988 170 1031 176 —-
1080 148 1254 186 CCCLIII
1302 167 1346 173 —

204 253 335 289 simum
362 254 409 288 ad
437 254 587 290 Italiam
612 254 799 289 ducendus
825 257 890 294 est,
918 256 959 289 ut
985 254 1230 289 Mommsenus
1257 251 1457 293 contendit,
1484 251 1547 296 qui
1574 251 1653 296 ipse
1681 253 1842 287 codicem
1868 252 2128 299 recognovit.¹)

204 313 255 347 At
279 311 480 348 Haenelius
511 311 687 357 opinatur
713 312 860 347 litteras
885 312 994 347 huius
1025 310 1162 346 codicis
1188 322 1258 345 non
1283 311 1441 345 multum
1467 310 1515 345 ab
1541 322 1585 345 ea
1611 309 1819 346 litterarum
1846 311 1968 356 specie
1993 310 2127 345 discre-

204 381 308 414 pare.
340 381 452 414 quam
482 369 622 405 sacculi
655 369 864 405 duodecimi
891 370 1037 404 codices
1070 369 1107 403 in
1135 368 1305 414 partibus
1330 367 1476 403 Galliae
1501 366 1633 413 scripti
1664 379 1751 412 prae
1785 380 1822 404 se
1848 370 1970 404 ferunt
2000 368 2128 413 itaque

205 426 344 462 Clossio
368 427 526 469 resistit,
558 440 640 463 cum
665 428 889 474 scripturam
915 427 1233 473 Langobardicam
1259 439 1336 463 esse
1364 427 1507 471 dicat.²)
1558 427 1841 463 Decurtatorum
1866 427 2128 464 Tauriuensem

203 497 230 519 s.
249 485 334 520 XIV
361 485 515 531 originis
540 486 697 522 Italicae
729 486 826 521 infra
858 485 1235 521 commemorabimus.
1284 484 1582 530 Epitomatorum
1608 484 1851 530 Aegidianam
1883 486 2130 530 complecten-

202 541 298 577 tium
315 543 559 588 Sanpauliani
586 557 611 578 s.
632 544 681 578 IX
709 543 872 579 ineuntis
897 546 934 578 et
955 542 1187 578 Ambrosiaui
1206 543 1236 576 A
1254 544 1297 576 46
1316 542 1381 577 inf.
1400 554 1494 577 saec.
1514 543 1545 577 X
1571 541 1796 578 mentionem
1821 542 1986 578 facimus.
2028 543 2131 578 Prior

202 599 302 636 intra
327 612 440 636 annos
465 602 531 635 817
557 604 596 637 et
621 602 689 636 823
714 604 888 637 exaratus
912 612 956 637 ex
976 600 1088 635 Italia
1114 599 1298 645 proficisci
1323 600 1471 635 videtur
1481 602 1518 643 ³),
1546 612 1627 635 cum
1651 600 1756 635 varia
1781 600 2008 646 capitularia
2033 613 2130 636 mere

204 657 339 693 Italica
365 661 401 694 et
427 659 611 703 quaedam
636 658 735 705 regis
761 658 1089 704 Langobardorum
1115 657 1337 702 Liutprandi
1362 668 1405 692 ex
1432 669 1527 693 anno
1553 658 1619 692 733
1643 658 1820 702 habeat⁴)
1848 660 1886 693 et
1910 660 1953 692 ut
1979 658 2131 693 Patetta

201 715 225 749 1.
244 727 274 750 c.
299 716 340 750 31
368 715 592 757 illustra-vit,
628 716 665 751 iu
700 716 769 751 hoc
801 716 927 751 codice
957 715 1107 750 nomina
1131 714 1309 749 idiomate
1335 715 1616 759 Langobardico
1652 727 1824 760 expressa
1849 715 2129 759 invenianturfi)

202 772 326 808 Etiam
345 773 442 809 alter
460 774 573 809 codex
601 774 638 808 in
658 773 769 809 Italia
794 772 955 818 scriptus
981 775 1084 815 est⁰)‚
1110 772 1173 808 sed
1199 775 1322 807 utrum
1342 772 1514 808 collectio
1541 772 1659 808 eidem
1685 772 1836 815 inserta,
1863 785 1956 818 quae
1975 774 2130 818 quadra-

200 829 307 876 ginta
332 834 475 876 septem
500 831 687 876 epitomae
713 830 945 875 Aegidianae
973 830 1102 875 capita
1127 841 1202 865 una
1227 841 1310 864 cum
1337 829 1521 875 excerptis
1547 841 1590 866 ex
1614 830 1722 865 libris
1747 831 2012 867 ecclesiasticis
2037 843 2131 867 com-

201 887 390 932 plectitur,
424 888 462 923 in
491 888 603 924 Italia
634 888 736 923 facta
768 899 816 922 an
848 899 870 922 a
894 887 1074 933 scriptore
1106 899 1150 923 ex
1176 887 1302 922 codice
1328 887 1489 932 quodam
1516 890 1641 923 extero
1672 890 1819 923 tantum
1853 888 2041 934 descripta
2070 889 2130 931 sit,

200 946 364 981 nondum
395 949 566 992 apertum
599 948 665 981 est.
716 945 913 981 Praeterea
936 945 1049 981 ‘liber
1075 945 1119 981 de
1146 944 1475 980 constitutionibus
1501 945 1714 991 principum
1746 948 1783 981 et
1814 946 1948 982 edictis
1973 947 2129 992 impera-

201 1003 336 1038 t-orum’
352 1003 528 1039 Everardi
555 1003 703 1039 comitis
728 1003 991 1039 Foroiuliensis
1008 1003 1242 1039 Breviarium
1267 1003 1380 1038 fuisse
1406 1003 1564 1047 videtur,
1590 1004 1688 1048 quod
1713 1003 1877 1039 Gothani
1903 1005 2130 1050 archetypus

200 1060 283 1096 fuit.
324 1060 455 1105 Neque
480 1060 624 1096 mireris
649 1059 886 1102 Everardum,
913 1072 995 1095 curn
1021 1060 1181 1095 illustris
1206 1060 1304 1106 regis
1329 1059 1555 1095 Francorum
1580 1060 1752 1096 officialis
1781 1061 1905 1102 fuerit,
1932 1062 1970 1096 in
1994 1074 2130 1107 magna

199 1128 266 1152 sua
291 1117 525 1153 bibliot-heca
550 1119 699 1163 praeter
724 1118 826 1163 leges
852 1117 1046 1152 nationum
1071 1117 1376 1152 Germanicarum
1402 1117 1518 1153 etia-m
1543 1118 1688 1154 codices
1705 1118 1888 1154 Breviarii
1914 1119 2130 1164 possedisse,

199 1186 355 1219 quorum
380 1187 503 1217 unum,
529 1187 639 1220 quem
664 1187 776 1220 supra
802 1175 1182 1217 commemoravimus,
1211 1175 1288 1210 filio
1314 1187 1379 1210 suo
1404 1175 1587 1217 Umocho,
1613 1176 1774 1211 alterum
1798 1176 1953 1211 ‘librum
1978 1177 2132 1212 Aniani’

199 1232 385 1268 Adelardo
411 1233 600 1279 legavit.⁷)
649 1231 718 1268 Sed
751 1232 796 1268 de
822 1232 967 1278 origine
992 1233 1124 1267 horum
1149 1233 1329 1268 librorum
1353 1245 1553 1278 eorumque
1578 1233 1617 1268 in
1641 1233 1791 1268 iudiciis
1816 1233 2131 1269 Foroiuliensibus

199 1302 268 1325 usu
301 1289 397 1324 nihil
432 1292 591 1325 constat.
645 1289 816 1334 Denique
847 1289 1003 1326 Patetta
1039 1290 1204 1326 codicem
1233 1291 1292 1326 ‘de
1322 1290 1510 1326 institutis
1544 1290 1782 1335 antiquorum
1814 1291 1954 1337 regum‘
1985 1291 2132 1336 antiqui

200 1347 367 1394 catalogi
391 1347 610 1383 monasterii
638 1348 830 1383 Bobiensis
855 1347 1094 1384 Breviarium
1118 1348 1231 1383 fuisse
1263 1350 1391 1393 putat,
1419 1360 1502 1383 cum
1527 1348 1565 1382 in
1591 1360 1671 1383 can.
1690 1350 1733 1383 73
1759 1349 1908 1384 concilii
1934 1349 2132 1385 Meldensis

199 1405 311 1451 primi
337 1405 430 1451 [845]
458 1405 688 1441 Breviarium
711 1405 964 1450 ‘antiquorum
988 1417 1117 1451 regum
1142 1408 1181 1442 et
1205 1406 1331 1452 legum
1355 1406 1447 1441 iura’
1476 1406 1734 1452 appelletur.⁸)

315 1475 356 1509 In
383 1475 570 1511 nonnullis
597 1475 871 1521 capitularibus
894 1475 1041 1511 Italicis
1059 1475 1243 1511 Breviarii
1267 1487 1353 1510 usus
1371 1475 1524 1520 quidam
1540 1478 1710 1521 appa-ret.
1753 1475 1793 1510 In
1820 1476 1945 1511 codice
1963 1476 2131 1511 Parisino

198 1532 290 1567 4613
313 1533 517 1578 capitulari
543 1533 631 1568 anni
650 1534 715 1567 789
740 1533 812 1568 duo
836 1533 1047 1579 fragmenta
1072 1533 1269 1575 adduntur,
1295 1545 1402 1578 quae,
1428 1535 1471 1568 ut
1486 1533 1658 1568 Boretius
1683 1533 1749 1575 ait,
1776 1545 1832 1569 res
1857 1534 2131 1569 ecclesiasticas

200 1590 414 1626 ordinantia
451 1591 490 1625 in
524 1591 604 1626 iure
634 1590 801 1626 Romano
832 1591 1047 1636 nituntur.⁹)
1105 1590 1267 1631 Quorum
1297 1603 1411 1626 unum
1442 1591 1598 1626 foi-mam
1629 1592 1847 1627 testamenti
1878 1592 2041 1636 quinque
2073 1593 2130 1627 vel

199 1650 344 1694 septem
375 1648 536 1684 testibus
571 1649 694 1684 ornati
726 1649 919 1684 continens
952 1660 1035 1684 cum
1066 1649 1215 1684 novella
1241 1648 1502 1684 Valentiniani
1537 1649 1609 1695 [ΒΓ.
1631 1649 1723 1683 Nov.
1742 1648 1825 1684 Val.
1850 1649 1912 1691 IV,
1934 1651 1962 1691 1,
1981 1649 2014 1694 4]
2046 1661 2129 1684 con-

199 1705 390 1740 ferendum
415 1708 488 1745 est.
522 1706 683 1742 alterum
710 1718 811 1749 vero,
846 1707 884 1741 in
910 1718 982 1751 quo
1013 1706 1059 1742 de
1092 1706 1268 1742 thesauro
1299 1706 1452 1742 invento
1483 1706 1626 1752 agitur,
1662 1708 1705 1741 ut
1729 1707 1883 1742 Patetta
1914 1706 2023 1748 dicit,
2058 1707 2129 1742 iuri

199 1763 457 1799 Theodosiano
487 1763 604 1800 etiam
634 1764 672 1799 in
697 1763 931 1800 Breviarium
951 1763 1024 1809 [Br.
1043 1764 1111 1799 Th.
1130 1764 1174 1807 X,
1195 1764 1247 1806 10,
1269 1764 1299 1810 l]
1326 1767 1477 1809 recept-o
1503 1764 1657 1809 propius
1683 1776 1794 1808 quam
1820 1764 2026 1799 Iustiniano
2052 1776 2130 1799 esse

199 1820 406 1865 videtur.¹⁰)
455 1821 497 1855 In
523 1822 619 1857 libro
645 1821 822 1867 Papiensi
846 1822 949 1857 Hlot.
976 1834 1006 1857 c.
1024 1822 1068 1857 82
1093 1822 1260 1858 invenies
1287 1822 1498 1868 capitulare
1523 1822 1657 1857 incerti
1683 1822 1861 1865 auctoris,
1896 1822 1999 1857 cuius
2025 1824 2131 1857 tenor

199 1890 283 1913 cum
307 1878 621 1924 interpretatione
646 1880 741 1926 legis
758 1879 948 1916 Romanae
965 1880 1250 1926 Visigothorum
1271 1880 1343 1926 [ΒΓ.
1362 1880 1431 1915 Th.
1448 1880 1476 1921 1,
1497 1881 1526 1924 1,
1545 1880 1576 1925 1]
1604 1880 1877 1925 componendus
1903 1882 2018 1921 est.¹²)
2062 1880 2129 1915 Cui

198 1935 369 1970 addimus
394 1936 466 1971 duo
493 1936 665 1982 capitula
690 1939 796 1972 extra
821 1937 958 1972 librum
977 1937 1200 1982 Papiensem
1225 1937 1406 1983 vagantia
1431 1937 1495 1973 sed
1520 1938 1748 1983 apocrypha,
1774 1949 1870 1982 quae
1895 1950 1939 1973 ex
1965 1938 2130 1983 epitoma

197 1993 349 2039 Aegidii
373 1996 525 2039 sumpta
550 1996 652 2035 sunt,
685 2005 842 2038 quorum
866 2006 981 2029 unum
1005 1993 1044 2028 in
1070 1994 1292 2030 collectione
1309 1993 1554 2029 Walcausina
1580 1994 1641 2040 [M.
1661 1995 1701 2030 G.
1722 1994 1843 2040 Capit.
1870 1995 1895 2037 I,
1915 1996 1991 2029 220.
2016 1996 2060 2029 22
2087 2010 2129 2024 =

197 2051 257 2086 Br.
276 2051 346 2087 Th.
363 2051 407 2093 V,
427 2051 482 2097 1⁶2]
513 2052 607 2088 false
639 2051 772 2087 Carolo
804 2052 942 2098 Magno
981 2052 1178 2092 tribuitur,
1216 2052 1377 2087 alterum
1411 2052 1471 2097 [M.
1491 2052 1532 2087 G.
1559 2053 1583 2086 l.
1608 2064 1637 2087 c.
1661 2052 1688 2092 I,
1708 2053 1784 2086 215».
1808 2053 1849 2086 18
1874 2067 1916 2080 =
1944 2052 1999 2086 ΒΓ.
2023 2052 2127 2087 Paul.

198 2109 244 2150 ΙΙ,
261 2109 293 2150 2,
315 2109 346 2153 1]
373 2109 412 2144 in
437 2109 564 2145 codice
581 2109 800 2145 Florentino
817 2109 1092 2145 Laurentianae
1110 2109 1208 2144 Plut.
1227 2109 1472 2143 LXXXVIIII
1498 2122 1576 2155 sup.
1596 2111 1640 2145 86
1667 2110 1705 2144 in
1730 2110 1800 2145 fine
1826 2110 1983 2144 aliorum
2002 2110 2130 2145 Karoli

196 2166 326 2213 Magni
359 2167 627 2213 capitularium
659 2167 815 2214 legitur,
847 2179 944 2212 quae
970 2167 1152 2202 Conratus
1184 2168 1231 2202 ab
1261 2167 1354 2212 ipsis
1385 2167 1630 2212 scriptoribus
1666 2168 1835 2203 confecta
1869 2178 1946 2202 esse
1977 2167 2130 2211 dicit.¹²)

197 2223 363 2269 Uterque
389 2225 503 2260 codex
527 2226 675 2261 saeculo
700 2225 895 2261 undecimo
922 2225 960 2260 in
986 2225 1158 2271 partibus
1183 2225 1321 2260 Italiae
1348 2225 1510 2270 scriptus
1535 2227 1602 2261 est.

312 2294 354 2328 In
385 2294 498 2329 variis
530 2295 816 2331 collectionibus
847 2295 1000 2337 Italiae,
1035 2307 1131 2339 quae
1164 2307 1236 2330 non
1268 2295 1425 2340 speciali
1460 2295 1544 2329 usui
1578 2295 1758 2331 ecclesiae
1789 2295 2000 2330 destinatae
2033 2296 2128 2335 sunt,

196 2352 375 2387 nonnulla
405 2363 450 2387 ex
479 2352 672 2388 Breviario
703 2355 880 2399 excerpta
916 2353 1134 2389 invenimus.
1194 2354 1232 2387 ln
1268 2353 1394 2389 codice
1420 2353 1650 2389 Vercellensi
1683 2354 1915 2389 collectionis
1949 2365 2128 2388 canonum

196 2408 371 2444 Anselmo
401 2409 598 2446 dedicatae
629 2410 730 2446 intra
762 2423 877 2447 annos
901 2413 970 2447 924
996 2414 1034 2447 et
1059 2413 1127 2447 960
1157 2411 1298 2456 scripto
1329 2413 1367 2447 et
1398 2411 1436 2446 in
1469 2411 1595 2447 codice
1621 2411 1841 2452 Mutinensi,
1875 2411 1938 2455 qui
1969 2411 2130 2446 secunda

197 2469 305 2511 parte
329 2467 470 2503 saeculi
495 2468 631 2504 decimi
655 2480 700 2504 ex
725 2469 852 2505 codice
871 2469 1099 2505 Vercellensi
1125 2469 1335 2515 descriptus
1367 2471 1423 2504 est
1454 2471 1626 2514 uterque,
1660 2471 1702 2504 ut
1728 2469 1880 2504 Patetta
1905 2469 2130 2504 demonstra-

317 2596 342 2639 ¹)
368 2598 615 2641 Prolegomena
639 2600 674 2631 in
699 2600 973 2633 Theodosianum
1000 2611 1031 2643 p.
1049 2599 1238 2632 LXXXIV.

316 2654 344 2696 ²)
369 2655 504 2688 Haenel
528 2656 549 2688 l.
569 2667 597 2690 c.
623 2657 718 2689 LVII
743 2662 776 2690 et
799 2658 921 2690 LVIII.

317 2712 345 2753 ³)
371 2714 526 2756 Egerunt
555 2715 596 2747 de
620 2715 685 2747 hoc
709 2715 824 2748 codice
849 2709 983 2757 XXV—2
1009 2716 1097 2747 inter
1127 2714 1212 2747 alios
1237 2714 1408 2752 Boretius,
1435 2714 1499 2746 Die
1525 2713 1765 2755 Kapitularieu
1797 2713 1841 2745 im
1869 2713 2127 2755 Langobar-den-

197 2758 455 2838 fficgexgilssfflt)
487 2771 520 2803 p.
544 2759 588 2793 29
601 2772 650 2804 sq.
683 2766 717 2794 et
746 2762 928 2794 Bluhmius
960 2762 995 2794 in
1028 2762 1074 2793 M.
1093 2762 1134 2794 G.
1154 2761 1220 2792 LL.
1249 2762 1308 2799 III,
1327 2759 1404 2792 514.
1455 2761 1522 2792 cfr.
1549 2760 1802 2802 Werminghoff
1829 2760 1863 2791 in
1894 2760 1940 2792 M.
1960 2761 1999 2792 G.
2019 2759 2126 2801 Capit.

315 2862 341 2902 ι)
367 2863 416 2895 M.
433 2864 472 2896 G.
492 2864 560 2896 LL.
587 2865 645 2905 IV,
666 2863 732 2897 180
745 2876 794 2907 sq.

314 2919 342 2960 ⁶)
369 2921 416 2953 M.
434 2922 475 2954 G.
494 2921 602 2964 Capit.
627 2923 654 2963 I,
671 2920 736 2954 377
763 2928 796 2955 et
820 2921 898 2955 378.

317 2977 345 3020 ⁸)
369 2978 483 3011 Habet
501 2979 608 3011 codex
625 2979 728 3012 etiam
746 2981 936 3022 fragmenta
955 2991 997 3012 ex
1015 2980 1215 3012 collectione
1233 2979 1392 3011 Anselmo
1411 2979 1574 3011 dedicata.
1614 2978 1802 3010 Mommsen
1820 2978 1853 3009 in
1873 2977 1923 3009 his
1937 2978 2126 3020 I'rolegom.

198 3023 243 3055 (Ἰ
268 3024 416 3056 codicem
443 3025 540 3057 Italis
565 3025 695 3064 tribuit,
721 3026 800 3057 item
826 3026 961 3058 Patetta
987 3026 1111 3058 iudicio
1136 3026 1318 3058 Gaudentii
1344 3032 1376 3057 et
1401 3025 1537 3057 abbatis
1562 3024 1694 3056 Ceriani
1721 3022 1805 3065 [AG.
1832 3024 1969 3063 XLVII,
1992 3023 2054 3064 14].

317 3081 345 3123 ⁷)
372 3083 418 3114 M.
437 3083 476 3114 G.
497 3083 564 3115 LL.
585 3083 631 3115 lv
655 3094 687 3126 p.
707 3084 820 3121 XLII;
850 3084 990 3125 Becker,
1016 3083 1173 3126 Catalogi
1198 3082 1242 3114 ‘29
1268 3083 1307 3115 N.
1326 3081 1347 3114 8
1373 3089 1405 3114 et
1429 3081 1488 3122 2¹33
1516 3083 1641 3113 Conrat
1665 3082 1690 3122 Ι,
1708 3079 1790 3118 47³3
1817 3081 1952 3113 Patetta
1976 3081 1997 3112 l.
2017 3092 2045 3112 c.
2071 3080 2125 3112 30.

318 3138 345 3180 ¹³)
371 3139 510 3178 Becker,
529 3139 685 3182 Calalogi
702 3139 743 3171 67
763 3141 802 3172 N.
818 3139 900 3178 24:33
919 3142 1046 3173 (inurat
1064 3141 1087 3181 Ι,
1102 3138 1143 3172 47
1156 3139 1185 3179 ³;
1203 3140 1338 3172 I'atetta
1352 3140 1422 3171 AG.
1438 3139 1576 3180 XLVII,
1591 3137 1650 3177 30;
1669 3139 1768 3176 idem,
1785 3138 1860 3170 Riv.
1881 3140 1920 3171 It.
1934 3140 2009 3178 XII,
2024 3137 2089 3171 311
2103 3138 2125 3171 ¹.

316 3195 342 3237 ⁹)
368 3196 413 3228 M.
433 3196 474 3228 G.
492 3196 600 3239 Capit.
628 3197 653 3237 Ι,
673 3195 749 3236 216,
768 3195 800 3229 4.
818 3196 849 3229 ὃ.

299 3251 343 3295 ¹⁰)
368 3253 505 3286 Patetta
529 3254 551 3286 1.
570 3264 598 3286 c.
626 3253 679 3286 16.

302 3309 346 3353 ¹¹)
371 3311 418 3343 M.
439 3312 480 3344 G.
499 3312 608 3354 Capit.
632 3313 658 3351 I,
677 3310 755 3352 335,
773 3310 808 3350 4;
836 3313 966 3345 Conrat
989 3314 1015 3350 I,
1033 3311 1086 3345 4⁵.
1107 3311 1190 3352 48³3
1215 3313 1352 3345 Patetta
1376 3312 1447 3344 eod.
1476 3311 1528 3344 16.

306 3367 350 3411 ¹²)
376 3368 502 3402 Conrat
526 3370 551 3409 Ι,
569 3367 624 3401 4⁴.
651 3367 756 3409 276⁴;
782 3370 870 3403 idem
897 3371 967 3404 NA.
993 3370 1067 3412 XV,
1085 3368 1167 3412 2023
1194 3371 1328 3404 Patetta
1352 3370 1424 3404 eod.
1449 3368 1504 3403 31.

2170 1475 2390 1518 C'apitularia

2210 1523 2346 1555 Italica.

2175 2300 2393 2333 C'ollectiones

2194 2347 2369 2380 mundano

2244 2394 2321 2425 ueni

2182 2439 2379 2472 destinatae.
