2485 3615
1117 166 1162 171 —
1211 144 1425 180 CCCXXIV
1471 165 1517 170 —

356 254 404 289 ad
430 253 581 289 verbum
607 264 651 288 ex
675 252 734 287 Br.
761 251 828 286 Th.
854 251 951 292 XVI,
973 252 1000 291 1,
1020 251 1040 285 6
1069 251 1258 294 sumptum
1284 260 1360 284 esse
1386 247 1482 282 dixit
1513 247 1620 292 eique
1645 247 1755 282 multi
1787 249 2067 291 assenserunffl)
2117 247 2207 282 Cum
2233 247 2282 283 ad

357 311 596 356 compilanda
622 309 748 355 capita
774 309 820 345 ad
845 321 902 344 res
929 306 1106 343 ecclesiae
1132 305 1344 351 spectantia
1369 305 1470 351 apud
1494 304 1724 340 Baiuwarios
1749 305 1874 340 clerici
1900 305 2062 340 adhibiti
2087 305 2179 347 sint,
2206 317 2280 341 non

357 369 504 405 omnino
542 368 787 404 omittendum
825 369 897 409 est,
936 365 1021 400 illos
1052 365 1122 399 hoc
1155 364 1236 399 Ioco
1269 363 1459 400 Breviario
1490 375 1574 398 usos
1607 374 1701 404 esse;
1737 363 1800 398 sed
1835 362 2055 399 constitutio
2091 362 2205 400 etiam
2242 362 2281 398 in

356 426 628 462 Theodiosiano
664 424 825 471 genuino
859 423 968 468 [XVL
987 423 1020 465 2,
1038 423 1115 467 44],
1151 421 1191 456 in
1220 420 1488 457 Sirmondianis
1514 421 1557 467 [c.
1577 422 1652 466 10],
1690 420 1729 455 in
1756 420 1983 457 Iustinianeo
2010 421 2050 467 [I,
2071 422 2102 463 3,
2124 421 2178 466 19]
2217 432 2280 466 ap-

355 487 473 530 paret.
512 485 660 519 Titulus
680 495 762 519 vero
782 482 825 517 de
843 480 987 526 nuptiis
1004 479 1155 516 incestis
1173 479 1413 525 prohibendis
1432 480 1509 525 [III.
1529 479 1574 524 6],
1599 481 1641 514 ut
1659 479 1852 515 Zeumerus
1870 479 1962 524 [NA.
1980 479 2115 521 XXIII,
2135 480 2199 516 109
2213 479 2280 524 sq.]

356 542 642 588 diligentissime
672 540 893 583 illustravit,
925 550 997 574 non
1028 551 1071 575 ex
1103 538 1186 584 ipsa
1210 539 1292 584 lege
1317 538 1484 573 Romana
1501 537 1782 583 Visigothorum
1809 537 1926 582 [Paul.
1953 537 1997 579 ΙΙ,
2019 538 2070 579 19,
2089 537 2122 582 5]
2149 537 2213 572 sed
2237 548 2283 572 ex

355 600 508 644 antiquo
534 600 611 635 iure
629 598 863 644 Visigothico
890 596 1028 632 codicis
1045 596 1235 632 Euriciani
1261 597 1430 641 sumptus
1455 606 1533 630 esse
1552 594 1708 636 videtur,
1735 594 1799 640 qui
1823 594 1904 639 ipse
1925 594 2091 630 fontibus
2107 593 2282 630 Romanis

354 657 544 693 Breviario
571 656 835 693 vetustioribus
860 655 1045 690 innititur.

105 730 323 771 Capitularz'a
471 726 662 763 Nonnulla
687 739 731 762 ex
750 724 938 760 Breviario
964 724 1102 769 partim
1128 723 1175 759 ad
1192 723 1346 758 verbum
1369 722 1508 768 partim
1534 734 1641 757 sensu
1666 723 1814 757 tant-um
1839 721 1878 756 in
1904 721 2131 767 capitularia
2154 732 2284 766 regum

98 823 135 855 Γ
159 788 276 819 requm
355 784 579 819 Francorum
604 783 844 819 transierunt.
892 783 1049 818 Decreta
1075 781 1158 817 aevi
1183 780 1429 826 Merovingici
1453 780 1597 816 tabella
1621 779 1850 826 explanabit.

117 834 330 855 ‘rancoruvh

701 904 930 941 Childeberti
957 905 1001 940 II.
1029 903 1190 940 decretio
1217 903 1308 946 (596,
1328 903 1372 944 ΙΙ,
1391 902 1449 946 29)
1482 903 1542 948 [M.
1561 903 1603 937 G.
1622 901 1743 948 Capit.
1762 902 1789 943 Ι,
1809 902 1851 937 15
1865 901 1943 947 sq.].

403 988 431 1010 c.
449 976 470 1009 2
497 977 560 1010 cfr.
587 976 644 1011 Br.
664 976 732 1010 Th.
750 976 812 1015 III,
834 976 884 1017 12,
904 975 1006 1010 2-4.

401 1046 429 1068 c.
449 1034 470 1069 3
496 1035 557 1069 cfr.
584 1034 643 1069 ΒΥ.
670 1034 773 1069 Paul.
799 1034 842 1075 V,
862 1035 893 1076 2,
912 1033 942 1068 3.
969 1034 990 1068 4
1016 1035 1054 1068 et
1079 1032 1164 1073 int.;
1190 1032 1249 1067 ΒΥ.
1278 1031 1346 1066 Th.
1371 1031 1433 1072 IV,
1456 1031 1506 1065 12.
1536 1031 1588 1066 13.

703 1156 886 1192 Chlotarii
909 1157 954 1191 II.
982 1154 1199 1201 praeceptio
1227 1154 1448 1197 (584*628)
1482 1153 1542 1198 [Μ.
1561 1152 1603 1188 G.
1623 1152 1742 1199 Capit.
1761 1152 1788 1195 Ι,
1807 1153 1847 1188 18
1861 1152 1942 1197 sq.].

401 1241 454 1273 pr.
481 1228 544 1263 cfr.
570 1228 629 1262 Br.
655 1227 851 1262 N0v.Va1.
880 1226 979 1267 VIII,
1002 1227 1018 1260 1
1045 1225 1085 1259 in
1111 1237 1165 1270 pr.

402 1298 430 1320 c,
451 1287 471 1320 2
497 1286 559 1321 cfr.
587 1286 644 1320 ΒΓ.
664 1285 732 1319 Th.
758 1285 869 1328 1,2,1
897 1296 980 1319 cum
1005 1283 1071 1318 int.

402 1356 431 1379 c.
450 1346 470 1379 5
497 1345 558 1379 cfr.
584 1344 642 1378 ΒΓ.
664 1344 731 1378 Th.
758 1344 785 1384 Ι,
804 1344 835 1385 2,
853 1344 874 1377 4
900 1342 968 1377 int.

404 1414 433 1437 c.
454 1402 471 1435 7
499 1403 562 1437 cfr.
588 1402 648 1436 ΒΥ.
668 1402 734 1436 Th.
762 1402 826 1441 ΙΙΙ,
849 1401 901 1442 10,
922 1402 951 1435 1.

403 1471 433 1494 c.
456 1460 497 1493 13
525 1459 587 1494 cfr.
615 1459 671 1493 Br.
691 1458 794 1493 Paul.
823 1457 865 1499 V,
883 1460 914 1499 2,
933 1458 953 1491 4
980 1457 1064 1498 int.;
1090 1457 1147 1492 ΒΥ.
1168 1456 1236 1491 Th.
1255 1455 1316 1496 IV,
1339 1457 1394 1496 12;
1422 1455 1478 1489 Br.
1502 1455 1595 1490 Nov.
1617 1453 1700 1488 Val.
1728 1453 1826 1495 VIII,
1848 1454 1907 1497 1.²)

473 1574 565 1610 Aevi
591 1573 816 1620 Carolingici
843 1573 1051 1619 capitulare
1077 1572 1271 1607 missorum
1296 1584 1328 1607 a.
1346 1571 1413 1606 803
1439 1572 1482 1613 (c.
1504 1571 1575 1615 10),
1608 1570 1707 1614 quod
1735 1568 1933 1616 Ansegisus
1959 1569 2037 1615 [HL
2055 1569 2112 1616 37]
2139 1570 2178 1605 et
2202 1571 2288 1615 post

356 1645 439 1668 eum
471 1632 585 1668 etiam
612 1631 834 1668 Benedictus
860 1632 992 1667 Levita
1018 1632 1075 1677 [IL
1096 1631 1176 1675 227]
1203 1630 1451 1671 tradiderunt,
1485 1628 1744 1664 conferendum
1773 1630 1829 1663 est
1860 1640 1943 1663 cum
1975 1626 2286 1672 interpretatione

357 1691 424 1726 Th.
444 1691 486 1732 V,
506 1693 558 1732 11,
579 1691 641 1734 1.³)
668 1710 708 1715 —-
736 1691 860 1736 Longe
886 1689 998 1726 aliter
1023 1701 1060 1724 se
1086 1689 1201 1724 habet
1225 1700 1283 1724 res
1308 1687 1348 1722 in
1373 1686 1551 1733 capitulis
1577 1687 1621 1722 de
1648 1685 1943 1732 praescriptione
1968 1685 2164 1732 temporis,
2191 1697 2287 1731 quae

357 1748 533 1784 Krausius
564 1748 749 1784 volumine
780 1749 897 1784 altero
925 1759 1043 1783 novae
1078 1745 1343 1792 capitularium
1373 1745 1549 1781 editionis
1575 1745 1622 1790 [p.
1649 1745 1694 1779 25
1707 1744 1774 1789 sq.]
1808 1744 1975 1790 praebet.
2025 1744 2217 1789 Leguntur
2249 1742 2288 1778 in

357 1807 460 1842 codd.
478 1807 564 1841 Vat.
591 1807 668 1841 Pal.
687 1806 754 1841 562
779 1808 817 1841 et
842 1805 956 1841 Paris.
976 1806 1066 1840 9654
1092 1804 1220 1850 capita
1245 1804 1412 1839 subnexa
1438 1802 1712 1848 capitularibus
1731 1802 2070 1838 Wormatiensibus
2095 1801 2186 1837 anni
2209 1801 2288 1842 829,

356 1878 378 1899 n
405 1865 484 1900 cod.
507 1876 591 1900 vero
616 1864 938 1900 ΜΘΗ-(1000313853
964 1864 1032 1899 sub
1058 1863 1128 1898 fine
1152 1862 1355 1898 multorum
1381 1862 1546 1907 capitum
1574 1863 1660 1907 post
1676 1859 1852 1906 Ansegisi
1879 1860 1995 1895 libros
2020 1859 2289 1905 suppletorum.

358 1923 481 1968 Caput
518 1923 679 1968 primum
710 1923 771 1958 tit.
798 1922 950 1956 LXXIX
988 1921 1081 1967 legis
1113 1920 1420 1967 Burgundionum
1456 1918 1611 1965 repetit,
1649 1919 1851 1954 secundum
1882 1930 1968 1954 vero
2003 1929 2049 1954 ex
2080 1917 2290 1964 Aegidiana

358 1981 522 2026 epitoma
548 1980 850 2017 constitutionem
875 1980 1024 2016 unicam
1049 1980 1116 2014 Th.
1134 1979 1177 2021 V,
1198 1980 1241 2014 10
1263 1978 1430 2024 praebet.
1481 1976 1667 2013 Ludovico
1694 1977 1760 2012 Pio
1791 1975 1942 2011 minime
1968 1975 2167 2011 tribuenda
2191 1978 2288 2018 sunt,

358 2039 420 2074 sed
445 2041 488 2074 ut
512 2039 633 2074 editor
650 2039 855 2074 illustravit
874 2039 922 2084 [p.
939 2038 1009 2082 25],
1035 2050 1057 2073 a
1080 2037 1260 2082 scriptore
1278 2036 1439 2081 quodam
1457 2035 1721 2081 Burgundione
1741 2035 1900 2070 collecta
1921 2033 1961 2068 in
1977 2034 2046 2070 hos
2062 2033 2290 2069 transierunt

359 2097 514 2132 codices.
562 2097 701 2133 Eadem
738 2100 870 2142 postea
904 2096 1047 2143 Regino
1085 2095 1266 2131 nonnulla
1299 2094 1414 2130 verba
1451 2094 1627 2129 omittens
1662 2092 1699 2128 in
1737 2092 1900 2138 primum
1934 2103 2023 2127 suae
2059 2091 2290 2127 collectionis

358 2155 495 2190 librum
528 2158 571 2199 [c.
596 2156 769 2200 20-22]
813 2167 895 2190 cum
924 2155 1020 2189 falsa
1056 2153 1300 2199 inscriptione
1337 2151 1535 2187 ‘Ludovici
1569 2150 1805 2197 imperatoris
1839 2162 1869 2186 c.
1895 2150 1960 2185 IX‘
1995 2149 2206 2196 assumpsit.
2244 2169 2290 2174 —

360 2212 577 2258 Capitulare
618 2225 649 2249 a.
678 2214 743 2248 789
777 2226 807 2248 c.
835 2214 879 2248 66
918 2213 979 2257 [Μ.
1006 2212 1046 2247 G.
1074 2211 1196 2257 Capit.
1224 2212 1256 2254 Ι,
1282 2210 1358 2256 59],
1403 2210 1501 2255 quod
1538 2208 1655 2245 etiam
1696 2207 1899 2254 Ansegisus
1937 2209 1982 2254 [I,
2004 2208 2060 2253 62]
2098 2208 2215 2243 habet
2251 2208 2290 2243 et

360 2271 561 2307 Haenelius
586 2271 625 2306 in
650 2272 794 2307 tabella
819 2283 885 2306 sua
910 2284 946 2316 p.
964 2272 1033 2306 454
1057 2274 1251 2315 tamquam
1277 2282 1359 2304 cum
1377 2267 1567 2304 Breviario
1586 2268 1667 2312 [Th.
1685 2267 1748 2309 IX,
1770 2268 1820 2309 13,
1839 2267 1873 2312 2]
1900 2267 2101 2302 cohaerens
2125 2264 2289 2314 adducit,

360 2330 530 2374 quamvis
564 2332 763 2375 utrumque
794 2330 1045 2375 fragmentum
1077 2329 1125 2363 ad
1155 2328 1274 2363 Levit.
1302 2327 1398 2369 XIX,
1421 2327 1466 2360 26
1496 2328 1535 2362 et
1565 2326 1764 2362 Deuteron.
1788 2325 1922 2366 XVIII,
1942 2324 2055 2366 10,11
2089 2321 2290 2368 respiciens

362 2390 491 2423 contra
515 2387 695 2423 ‘hariolos
721 2390 759 2423 et
784 2387 955 2433 augures'
981 2387 1200 2429 contendat,
1234 2387 1361 2420 tamen
1391 2383 1486 2419 nihil
1513 2395 1704 2419 commune
1729 2383 1828 2419 inter
1853 2394 1890 2418 se
1913 2381 2005 2417 mihi
2030 2381 2167 2416 habere
2192 2380 2290 2416 vide-

360 2448 430 2481 tur.
457 2466 501 2470 —
525 2445 697 2481 Edictum
715 2446 884 2481 Pistense
903 2444 1027 2480 Caroli
1047 2444 1154 2480 Calvi
1172 2443 1418 2479 occidentalis
1436 2443 1462 2477 F
1465 2442 1615 2478 ranciae
1640 2441 1738 2487 regis
1764 2439 1853 2476 anni
1871 2440 1951 2481 864,
1975 2441 2018 2474 ut
2041 2450 2154 2485 supra
2178 2450 2290 2475 anno·

361 2503 532 2546 tavimus,
558 2504 728 2550 plurimis
753 2504 845 2539 locis
869 2504 1064 2550 regionum
1088 2502 1316 2539 mentionem
1340 2501 1448 2542 facit,
1475 2500 1515 2535 in
1539 2500 1674 2545 quibus
1699 2499 1900 2535 secundum
1924 2498 2048 2544 legem
2076 2499 2290 2540 Romanam,

361 2561 399 2596 id
424 2564 480 2598 est
504 2562 723 2608 praesertim
749 2563 950 2598 secundum
976 2561 1157 2597 Breviarii
1186 2560 1365 2602 rationes,
1399 2559 1598 2594 iudicatur.
1649 2557 1760 2593 Cuius
1792 2556 1906 2592 edicti
1937 2557 2067 2592 auctor
2096 2554 2212 2591 etiam
2246 2555 2291 2590 de

361 2619 435 2654 illis
460 2620 606 2667 legibus
624 2620 817 2666 cogitavit,
844 2632 936 2665 quas
961 2619 1261 2665 praedecessores
1285 2617 1343 2653 sui
1367 2615 1532 2652 nationis
1550 2615 1776 2651 Francorum
1801 2617 1838 2650 et
1862 2612 2152 2650 nominatissimi
2175 2612 2289 2659 impe-

361 2680 502 2714 ratores
535 2678 580 2714 de
609 2678 668 2713 his
701 2677 988 2718 constituerunt,
1024 2677 1088 2722 qui
1118 2676 1214 2712 fflios
1244 2688 1328 2711 suos
1361 2676 1458 2710 fame
1492 2676 1558 2710 aut
1590 2673 1666 2709 alia
1693 2673 1855 2718 quadam
1879 2672 2102 2709 necessitate
2133 2672 2290 2717 cogente

363 2736 528 2771 vendunt
553 2736 629 2781 [cfr.
650 2736 707 2770 Br.
725 2736 792 2770 Th.
813 2736 876 2778 III,
894 2736 925 2776 3,
942 2737 978 2778 13
1002 2735 1061 2769 Br.
1082 2735 1185 2770 Paul.
1205 2734 1248 2776 V,
1265 2735 1294 2775 1,
1310 2733 1353 2779 1].
1396 2733 1466 2768 Sed
1491 2732 1691 2768 earundem
1715 2732 1751 2777 [l.
1771 2743 1800 2767 0.
1819 2732 1864 2774 ΙΙ,
1882 2732 1948 2766 311
1965 2730 2032 2776 sq.]
2058 2742 2172 2766 unum
2196 2728 2292 2764 illud

363 2792 685 2838 interpretationis
705 2792 885 2829 Breviarii
902 2792 1133 2837 ‘Quicunque
1151 2813 1194 2817 —
1213 2790 1471 2836 consequatur’
1487 2790 1739 2835 fragmentum
1757 2790 1828 2834 [ΒΥ.
1841 2789 1936 2824 Νον.
1954 2788 2034 2824 Val.
2052 2787 2116 2830 XI,
2132 2787 2164 2832 1]
2182 2785 2292 2832 ponit

363 2850 400 2895 [l.
428 2863 457 2886 c.
484 2851 617 2896 32623]
654 2872 698 2876 ——
733 2850 903 2895 Denique
936 2853 1051 2896 caput
1080 2852 1101 2885 6
1137 2849 1357 2895 capitularis
1389 2847 1625 2884 Tusiaceusis
1659 2847 1782 2883 Caroli
1817 2846 1971 2883 secundi
2004 2858 2037 2882 a.
2061 2846 2131 2881 865
2165 2856 2289 2880 mense

363 2908 563 2944 Februario
589 2909 626 2943 in
644 2909 895 2953 Burgundiam
922 2908 1054 2944 directi
1080 2908 1116 2954 [l.
1135 2920 1164 2943 0.
1191 2908 1236 2950 II,
1250 2907 1330 2952 330]
1359 2907 1478 2942 verbis
1502 2906 1611 2941 ‘sicut
1637 2906 1698 2941 lex
1721 2905 1889 2941 Romana
1914 2903 2115 2950 praecipit'
2139 2905 2290 2939 auctore

364 2968 523 3003 Comato
551 2968 590 3012 [I,
610 2967 668 3012 44]
700 2968 748 3002 ad
773 2966 868 3002 illud
892 2967 1142 3012 fragmentum
1172 2964 1496 3011 interpretationis
1522 2963 1704 3000 Breviarii
1733 2964 1816 3008 [Th.
1842 2964 1870 3005 Ι,
1890 2965 1919 3006 1,
1942 2963 1973 3008 1]
2002 2961 2183 3007 pertinet,
2217 2972 2290 3006 quo

364 3026 553 3060 ordinatur
578 3025 678 3070 leges
703 3025 781 3061 sine
807 3024 865 3061 die
891 3027 929 3060 et
954 3024 1104 3060 consule
1131 3024 1297 3069 prolatas
1321 3035 1394 3059 non
1420 3023 1555 3058 valere.

481 3154 506 3196 ¹)
531 3155 667 3187 Haenel
691 3155 792 3186 LRV.
819 3153 904 3193 4663
941 3155 1073 3186 Merkel
1104 3154 1138 3186 in
1164 3154 1204 3186 A.
1230 3155 1289 3192 XI,
1308 3151 1376 3186 638
1400 3158 1433 3186 et
1458 3151 1521 3185 641
1539 3152 1570 3193 ¹3
1604 3152 1695 3184 Idem
1720 3152 1765 3183 M.
1786 3152 1826 3183 G.
1842 3151 1909 3183 LL.
1928 3151 1988 3191 111,
2006 3147 2072 3182 277
2085 3148 2133 3189 ⁵⁷;
2164 3147 2290 3181 Stobbo

364 3203 389 3238 I,
413 3200 477 3233 166
492 3200 539 3239 ⁴²,
565 3201 720 3243 Loening
744 3199 889 3241 11‚3·2··³;
915 3202 1059 3233 Zeumet
1084 3201 1156 3233 NA.
1182 3201 1310 3238 XXIII,
1331 3197 1405 3232 109.
1455 3200 1690 3232 Mommseuus
1716 3198 1751 3230 in
1775 3197 1842 3229 hac
1866 3197 2013 3231 editione
2037 3207 2068 3239 p.
2088 3192 2156 3229 852
2178 3194 2288 3237 legem

363 3247 632 3279 Baiuwariorum
658 3249 800 3280 fortasse
826 3258 869 3279 ex
892 3247 1103 3280 Iustinianeo
1127 3247 1285 3279 hausisse
1310 3251 1414 3279 notat.
2184 3243 2187 3247 ’

479 3310 504 3351 ²)
531 3312 589 3343 cfr.
616 3312 772 3354 Loening
797 3312 838 3349 ΙΙ,
864 3308 929 3342 287
945 3322 994 3353 sq.

480 3372 507 3414 ³)
533 3373 579 3404 M.
598 3374 639 3405 G.
657 3373 766 3416 Capit.
785 3374 810 3414 1,
833 3371 907 3414 115,
927 3370 987 3411 10;
1014 3370 1092 3413 4'29,
1110 3370 1162 3404 36.
