2485 3615
180 976 211 1015 3,
226 976 275 1015 12,
291 977 306 1006 1

173 1684 204 1723 3,
219 1683 271 1723 18,
284 1683 304 1713 2

141 1873 304 1912 4,8-1·2

1105 163 1148 169 -
1197 139 1384 177 LXXXVI
1434 161 1476 167 —

651 249 710 286 tit.
737 249 780 285 de
808 252 1017 294 temporum
1043 258 1150 282 cursu
1193 245 1215 279 4
1241 256 1273 280 a.
1290 244 1358 279 338
1399 260 1442 274 =
1466 244 1614 279 nostrae
1641 243 1696 280 ed.
1714 244 1746 287 2,
1760 244 1791 287 6,
1809 246 1832 281 4

651 308 710 344 tit.
738 308 782 343 de
808 305 1052 342 dilationibus
1181 304 1214 348 [1
1242 314 1274 337 a.
1291 302 1371 347 314]
1399 318 1443 331 =
1467 305 1615 337 nostrae
1641 303 1696 338 ed.
1717 303 1748 345 2,
1764 304 1827 345 7,1

1181 362 1214 406 [2
1240 373 1272 396 a.
1290 361 1372 406 327]
1400 376 1442 389 =
1467 362 1616 396 nostrae
1642 361 1697 396 ed.
1716 362 1747 403 2,
1761 362 1830 405 7,2

1206 418 1228 454 3
1253 430 1285 454 a.
1303 418 1372 454 340
1398 433 1441 448 =
1466 421 1614 454 nostrae
1641 418 1696 453 ed.
1714 419 1745 461 2,
1759 419 1791 461 6,
1805 421 1837 454 5.

330 493 427 529 Nam
453 492 670 529 constitutio
700 503 731 526 a.
748 490 817 526 340
847 492 1000 535 propter
1026 491 1285 534 argument-um
1317 488 1364 523 ad
1393 486 1549 523 titulum
1578 486 1622 521 de
1646 490 1840 531 temporum
1862 498 1970 523 cursu
1998 487 2189 524 referenda
2222 490 2259 523 et

333 550 664 596 praescriptionem
689 548 829 583 habens
856 546 985 589 (etiam
1010 545 1048 580 111
1068 545 1112 590 Ο)
1130 545 1235 579 iidem
1251 545 1343 588 AA„
1370 543 1500 580 eiectis
1522 543 1567 578 iis
1585 546 1624 579 et
1649 556 1754 579 suum
1778 545 1902 580 locum
1925 545 2071 581 obtinet
2096 548 2135 581 et-
2159 548 2260 581 recte

330 609 488 644 refertur
512 608 559 642 ad
585 606 739 642 eundem
766 605 1028 649 imperatorem
1060 606 1173 648 atque
1200 601 1418 638 constitutio
1445 614 1476 637 a.
1491 602 1575 643 3383
1609 605 1737 637 contra
1762 601 1994 648 interpositis
2020 615 2102 638 cum
2127 602 2261 638 Oxoni-

333 666 409 701 ensi
430 665 571 700 duabus
594 666 631 699 et
655 675 676 698 a
700 674 765 698 suo
790 662 903 697 titulo
920 663 1091 697 movetur
1109 663 1147 697 et
1164 661 1262 696 male
1280 659 1506 695 adscribitur
1525 659 1780 695 Constantino.
1822 660 1977 696 Accedit
1995 661 2094 706 quod
2111 661 2260 697 tradun-

330 727 391 759 tur
417 723 490 758 fere
517 734 599 756 cum
619 720 655 755 C.
672 720 738 755 Th.
758 720 858 761 3‚1‘2,
875 721 904 761 1,
933 731 1044 763 quam
1069 718 1290 755 additiciam
1315 730 1392 754 esse
1417 717 1514 752 infra
1541 717 1866 753 demonstrabitur.
1891 739 1934 744 —
1959 719 2111 754 Praeter
2129 718 2261 754 0110111-

330 792 451 816 ensem
485 777 703 813 constitutio
735 776 918 822 posterior
951 776 1090 823 legitur
1121 776 1159 811 in
1183 776 1273 812 folio
1301 775 1366 811 100
1391 775 1501 811 hodie
1533 774 1701 811 solitario
1734 775 1872 810 codicis
1895 776 1981 812 Vat.
2005 788 2080 822 reg.
2100 777 2182 817 520,
2215 776 2260 811 de

330 849 401 882 quo
419 848 502 871 mox
521 835 680 875 dicetur:
707 834 969 879 interpretatio
994 834 1187 880 utriusque
1214 834 1402 869 invenitur
1420 833 1535 869 etiam
1552 833 1591 868 in
1610 833 1816 869 decurtatis
1833 833 1953 869 tribus
1971 833 2140 869 Parisino
2157 834 2259 875 4408,

329 894 497 930 Parisino
520 893 611 928 4409
637 894 674 928 et
699 891 875 928 Bernensi
902 893 978 928 263.

449 968 546 1003 VIII.
580 967 610 1010 3,
632 968 684 1010 12,
705 969 734 1003 1.

443 1026 481 1060 L.
502 1026 518 1060 1
547 1025 591 1061 de
618 1025 770 1061 incestis
793 1025 936 1071 nuptiis
955 1025 1070 1070 (3,12)
1089 1025 1193 1060 adest
1219 1037 1302 1060 cum
1321 1024 1631 1070 interpretatione
1659 1028 1695 1061 et
1721 1025 1802 1060 loco
1829 1036 1893 1060 suo
1919 1024 1957 1060 in
1982 1025 2258 1071 exemplaribus

327 1083 447 1130 plenis
465 1083 660 1127 BOELK,
687 1083 777 1119 item
802 1083 841 1118 in
866 1083 1077 1129 fragmento
1102 1082 1270 1118 Parisino
1287 1083 1378 1119 4406
1404 1083 1427 1117 f.
1447 1083 1507 1123 69;
1532 1082 1883 1128 interpretationem
1907 1083 2023 1118 solam
2049 1083 2192 1119 habent
2216 1095 2260 1119 ex

327 1141 531 1177 decurtatis
560 1141 754 1177 Bernensis
779 1142 862 1183 263,
894 1141 1084 1176 Parisinus
1108 1141 1216 1183 4409,
1243 1139 1450 1175 Vaticanus
1473 1152 1548 1186 reg.
1571 1141 1668 1176 1048.
1718 1139 1914 1186 Epitomae
1946 1152 2028 1176 eam
2054 1141 2260 1186 agnoscunt

327 1199 620 1244 Guelferbytana
646 1200 684 1234 et
709 1198 973 1244 Sangallensis
1014 1197 1130 1233 Abest
1157 1209 1178 1233 a
1205 1197 1332 1232 classis
1357 1197 1561 1239 deterioris,
1588 1198 1652 1233 sed
1677 1198 1770 1233 item
1795 1197 2017 1243 antiquioris
2044 1196 2260 1233 melioribus

327 1257 511 1299 omnibus,
545 1256 637 1292 item
669 1268 690 1291 a
721 1256 818 1291 libro
852 1255 1001 1302 egregio
1033 1255 1163 1291 classis
1191 1255 1353 1291 melioris
1380 1256 1424 1290 N
1427 1269 1433 1297 ;
1470 1255 1629 1300 denique
1660 1256 1698 1290 in
1730 1255 1856 1292 codice
1888 1255 2056 1291 Parisino
2081 1254 2173 1290 4406
2204 1254 2261 1290 ita

327 1315 474 1361 legitur,
501 1317 544 1350 ut
570 1313 790 1349 additiciam
816 1325 893 1349 esse
912 1312 1184 1358 deprehendas,
1211 1312 1385 1346 nimirum
1404 1311 1477 1357 ipsi
1499 1312 1768 1358 praescribitur
1785 1312 1868 1349 ‘iste
1886 1311 2022 1348 titulus
2042 1315 2098 1348 est
2116 1311 2259 1357 primus

327 1374 371 1408 (16
398 1372 549 1408 incestis
575 1371 739 1417 nuptiis'‚
766 1373 971 1415 sequuntur
996 1371 1062 1405 sub
1088 1369 1237 1405 rubrica
1261 1370 1345 1404 ‘XII
1366 1370 1424 1406 tit.
1451 1371 1495 1406 de
1520 1370 1672 1407 incestis
1697 1368 1850 1416 nuptiis'
1874 1369 2160 1406 constitutiones
2184 1372 2260 1406 tres

327 1443 411 1467 vere
437 1431 475 1464 in
500 1429 726 1465 breviarium
749 1430 935 1473 receptae.
977 1427 1102 1463 Etiam
1127 1428 1226 1472 quod
1251 1428 1345 1463 haec
1372 1427 1592 1463 constitutio
1618 1427 1894 1464 matrimonium
1921 1440 2004 1463 cum
2029 1427 2107 1463 filia
2133 1427 2260 1463 fiatris

328 1488 508 1524 sor-orisve
535 1486 727 1522 interdicit
752 1485 900 1521 adiecta
927 1485 1085 1531 capitali
1113 1497 1250 1531 poena,
1285 1485 1416 1520 suadet
1446 1486 1569 1531 legem
1593 1497 1666 1521 non
1692 1486 1864 1521 omissam
1890 1498 1966 1522 esse
1992 1487 2124 1532 utpote
2149 1486 2260 1521 nimis

328 1547 474 1587 duram,
505 1546 569 1581 sed
600 1556 666 1590 per
690 1544 807 1579 zelum
834 1543 1086 1589 episcopalem
1111 1555 1155 1579 ex
1180 1543 1440 1578 Theodosiano
1465 1543 1611 1589 integro
1645 1544 1692 1579 ad
1717 1543 1944 1579 breviarium
1973 1544 2031 1580 ita
2061 1543 2258 1586 adiectam,

327 1607 369 1639 ut
395 1603 597 1638 additionis
623 1601 785 1648 vestigia
812 1602 1029 1638 celarentur.

463 1678 506 1712 X.
543 1677 686 1719 318,2
727 1678 760 1712 Η
809 1677 894 1712 1161.

440 1679 667 1771 0011311111110
685 1678 1024 1780 61111116Ηῆέ1161111111
1040 1735 1062 1770 2
1084 1734 1189 1770 tituli
1209 1734 1273 1779 qui
1295 1736 1428 1780 petant
1447 1735 1491 1779 (3,
1510 1735 1576 1780 18),
1603 1738 1752 1794 reperta
1769 1734 1807 1770 in
1824 1746 1897 1770 uno
1915 1734 2010 1771 libro
2035 1735 2078 1777 L,
2103 1736 2259 1781 propter

327 1805 370 1829 ea
395 1805 489 1838 quae
514 1805 550 1838 p.
570 1792 761 1828 LXXVIII
787 1791 940 1838 exposui
964 1791 1105 1827 ficticia
1131 1792 1303 1828 habenda
1328 1794 1395 1828 est.

442 1869 485 1904 X.
520 1870 552 1911 4,
571 1868 699 1904 8-12.

440 1927 621 1962 Volumen
652 1925 763 1962 hodie
786 1925 1012 1962 Vaticanum
1043 1926 1193 1972 reginae
1225 1938 1259 1960 n.
1283 1926 1366 1969 520,
1401 1926 1605 1971 aliquando
1639 1926 1742 1962 Petri
1772 1926 1940 1963 Danielis
1972 1926 2091 1971 (6111113
2126 1938 2265 1963 nomen

326 1985 466 2030 legitur
490 1985 513 2019 f.
528 1985 582 2020 94.
602 1985 684 2030 98¹),
711 1985 844 2020 deinde
864 1984 1013 2020 Claudii
1032 1984 1192 2020 Puteani
1210 1984 1327 2029 (cuius
1352 1996 1485 2020 nomen
1512 1986 1568 2020 est
1586 1985 1608 2019 f.
1626 1986 1642 2020 1
1662 1986 1833 2030 erasum),
1860 1988 2002 2031 postea,
2028 1988 2072 2021 ut
2089 1983 2257 2026 diximus,

326 2042 475 2089 reginae
501 2042 728 2084 Chi-istinae,
765 2042 1029 2088 complectitur
1062 2042 1162 2077 foliis
1190 2043 1254 2077 123
1286 2041 1466 2087 reliquias
1501 2043 1669 2078 codicum
1701 2043 1885 2078 variorum
1918 2044 1966 2079 ad
1997 2042 2258 2088 quadraginta,

326 2113 482 2145 quarum
513 2101 714 2146 pleraeque
742 2100 915 2136 videntur
947 2099 1131 2145 proficisci
1162 2112 1206 2134 ex
1238 2100 1470 2136 bibliotheca
1500 2100 1716 2136 monasterii
1742 2100 1775 2135 S.
1793 2099 1988 2136 Benedicti
2012 2100 2259 2135 Floriacensis

326 2159 490 2204 (Fleury)
516 2158 564 2193 ad
589 2157 751 2204 Ligerim
765 2159 790 2201 ¹)
819 2157 968 2203 direpta
998 2170 1065 2203 per
1096 2158 1225 2193 turbas
1257 2157 1386 2194 civiles
1418 2170 1512 2194 saec.
1532 2158 1619 2193 XVI
1643 2158 1781 2201 medio,
1815 2160 1982 2194 servatas
2016 2169 2083 2203 per
2107 2158 2259 2193 Petrum

324 2215 517 2251 Danielem
553 2217 777 2252 advocatum
811 2216 1115 2252 Aurelianensem
1152 2219 1189 2252 et
1227 2217 1459 2262 praefectum
1492 2217 1627 2262 (builli)
1660 2216 1839 2253 abbatiae
1874 2216 1952 2252 eius
1987 2216 2046 2260 (cf.
2081 2228 2176 2261 quae
2214 2228 2259 2252 ex

326 2274 486 2319 Septerii
511 2275 726 2310 manuscrits
751 2275 793 2309 de
818 2275 852 2309 Za
877 2275 954 2309 bibl.
973 2274 1166 2310 cZ'OrIe'ans
1185 2275 1275 2311 1820
1300 2287 1335 2320 p.
1357 2275 1398 2309 12
1414 2286 1487 2320 seq.
1513 2275 1663 2311 rettulit
1680 2275 1849 2310 Blumius
1875 2274 1956 2310 MG.
1976 2275 2044 2309 LL.
2063 2274 2094 2309 3>
2109 2286 2146 2320 p.
2164 2274 2258 2319 590).

326 2332 425 2367 luter
457 2343 501 2367 ea
526 2332 574 2367 ad
599 2332 764 2367 codicem
790 2332 1090 2368 Theodosianum
1122 2332 1313 2378 pertinent
1344 2332 1435 2368 folia
1461 2334 1640 2377 quattuor
1665 2332 1893 2368 diversorum
1926 2332 2097 2368 codicum
2121 2332 2256 2368 omnia.

437 2396 473 2430 A
497 2395 520 2430 f.
541 2396 616 2437 100,
643 2396 687 2432 de
713 2408 786 2441 quo
811 2409 922 2443 supra
947 2396 1160 2432 rettulimus
1187 2396 1234 2431 ad
1260 2397 1291 2438 2,
1309 2397 1339 2437 7,
1356 2397 1389 2431 2.

439 2454 475 2487 B
496 2454 519 2488 f.
539 2454 600 2496 98,
632 2453 669 2488 in
695 2454 799 2490 cuius
825 2467 930 2491 versa
955 2454 1096 2501 legitur
1120 2454 1269 2490 novella
1287 2454 1546 2490 Valentiniani
1573 2455 1678 2496 34,1,
1711 2454 1750 2490 in
1780 2457 1898 2497 recta,
1931 2454 1996 2490 sed
2025 2466 2137 2490 manu
2170 2453 2257 2497 alia,

325 2511 393 2546 Th.
412 2512 464 2552 14,
483 2511 535 2554 18,
553 2513 581 2546 1.

441 2568 471 2603 C
491 2570 514 2605 f.
533 2570 587 2611 94,
614 2569 652 2604 111
677 2582 750 2614 quo
776 2571 952 2618 leguntur
977 2570 1267 2607 constitutiones
1293 2571 1325 2605 4.
1352 2570 1382 2612 8,
1398 2570 1429 2605 8.
1455 2571 1486 2611 4,
1506 2571 1557 2611 10,
1573 2571 1604 2605 2.
1623 2570 1653 2605 3.
1679 2571 1711 2613 4,
1729 2571 1781 2612 11,
1799 2571 1827 2606 1.
1847 2570 1878 2606 2.

438 2629 477 2663 D
501 2629 524 2663 f.
542 2629 596 2670 95,
623 2629 661 2664 in
686 2640 759 2673 quo
784 2629 959 2675 leguntur
985 2628 1270 2665 constitutiones
1294 2629 1326 2670 4,
1345 2629 1396 2670 12,
1414 2629 1442 2663 1.
1461 2629 1492 2663 2.
1511 2629 1542 2664 3.
1562 2629 1592 2663 6.
1613 2630 1644 2664 7.
1662 2628 1693 2663 8.

324 2696 390 2731 His
416 2697 557 2732 duobus
586 2697 685 2732 foliis
714 2697 865 2743 scriptis
890 2709 984 2733 saec.
1001 2698 1137 2742 XIs'XII
1170 2710 1265 2742 quae
1292 2697 1528 2733 continentur
1554 2697 1849 2739 constitutiones,
1884 2709 1946 2733 eas
1973 2696 2114 2742 primus
2140 2695 2258 2732 edidit

325 2754 498 2790 Cuiacius
529 2766 562 2790 a.
587 2755 691 2796 1566,
725 2754 762 2790 in
795 2755 1028 2800 praefatione
1060 2755 1358 2791 ‘constitutiones
1392 2755 1652 2801 perelegantes
1685 2756 1728 2790 de
1759 2755 1793 2790 S.
1814 2754 1851 2790 C.
1870 2754 2096 2796 Claudiano’‚
2129 2753 2168 2789 id
2201 2756 2258 2790 est

325 2824 418 2856 quae
445 2815 530 2848 sunt
555 2814 591 2848 in
618 2813 707 2848 folio
733 2814 776 2847 95
804 2816 979 2858 acceptas
1004 2814 1164 2849 referens
1191 2814 1302 2849 Petro
1328 2813 1496 2849 Pithoeo.
1538 2813 1677 2849 Nostra
1702 2815 1828 2849 aetat-e
1854 2812 1994 2858 primus
2019 2812 2067 2847 ad
2091 2811 2257 2847 codicem

326 2869 489 2905 animum
514 2870 679 2906 advertit
704 2870 800 2905 Max,
818 2870 956 2906 Conrat
981 2870 1203 2913 (Zeitschrift
1227 2870 1286 2904 der
1304 2870 1640 2916 Saviyny-St‘istuny
1661 2871 1724 2913 fiir
1742 2869 2068 2915 Rechtsyeschichte,
2093 2869 2258 2905 &mische

324 2926 540 2972 Abtheilmzy
564 2929 636 2964 vol.
655 2929 675 2963 9
703 2940 734 2964 a.
755 2928 843 2965 1888
868 2941 903 2974 p.
921 2928 1013 2973 388).
1069 2928 1295 2974 Fragment-a
1329 2928 1364 2964 Ο.
1384 2929 1423 2963 D
1454 2940 1679 2973 quamquam
1712 2930 1800 2964 sunt
1831 2927 1999 2963 codicum
2030 2927 2257 2964 diversorum

326 2983 436 3025 (alter
466 2985 488 3019 f.
514 2986 559 3020 94
589 2986 728 3022 formae
760 2986 833 3021 fuit
862 2986 1046 3022 maximae
1079 2986 1240 3032 scriptus
1270 2985 1419 3032 paginis
1452 2985 1657 3031 bipertitis,
1692 2986 1788 3021 alter
1817 2985 1840 3019 f.
1865 2985 1909 3019 95
1941 2985 2080 3021 formae
2112 2984 2257 3021 mediae

326 3040 486 3086 scriptus
513 3042 679 3078 versibus
705 3042 852 3088 longis),
885 3042 1124 3078 nihilominus
1152 3043 1325 3079 videntur
1349 3043 1541 3079 referenda
1574 3054 1651 3078 esse
1683 3043 1730 3078 ad
1763 3042 1918 3078 eandem
1950 3041 2257 3078 constitutionum

327 3099 507 3144 syllogen.
556 3100 609 3135 Ea
635 3112 718 3135 cum
743 3101 780 3135 in
806 3100 1017 3135 universum
1043 3103 1220 3145 sequatur
1245 3102 1397 3137 formam
1429 3100 1606 3137 breviarii
1636 3101 1777 3136 habens
1809 3101 1856 3135 ad
1887 3099 2054 3146 singulas
2078 3098 2255 3135 constitu-

326 3156 444 3191 tiones
480 3156 826 3202 interpretationem
864 3158 1050 3193 adiectam
1092 3159 1137 3203 (4,
1159 3159 1251 3201 11,2
1291 3158 1554 3204 interpretatio
1596 3157 1814 3203 imperfecta
1857 3159 1914 3193 est
1953 3156 2044 3192 folio
2084 3155 2254 3197 finiente3

447 3272 471 3314 ¹)
496 3273 683 3316 Catalogus
709 3276 861 3307 codicum
888 3276 961 3308 eius
987 3276 1183 3308 monasterii
1209 3277 1320 3309 factus
1346 3287 1377 3310 a.
1397 3274 1496 3317 1552,
1522 3286 1623 3317 quem
1649 3286 1691 3308 ex
1715 3276 1789 3308 cod.
1807 3275 1962 3308 Parisino
1981 3284 2080 3306 nouv,
2098 3284 2170 3315 aeq.
2191 3271 2256 3306 137

328 3317 431 3350 edidit
456 3320 557 3361 Leop.
577 3320 704 3352 Delislc
735 3320 875 3363 (noricos
899 3327 928 3353 el
953 3322 1093 3354 emto-aits
1118 3322 1176 3354 cles
1200 3323 1404 3355 mamma-its
1434 3330 1514 3355 tom.
1533 3321 1573 3354 31
1604 3319 1720 3364 [1884]
1747 3332 1779 3364 p.
1797 3320 1897 3364 426),
1926 3320 2087 3353 similium
2112 3320 2256 3353 volumi-

328 3375 408 3397 num
435 3376 501 3397 non
528 3366 688 3399 meminit.
