2485 3615
1234 138 1278 144 --
1326 114 1478 154 CXXIV
1526 139 1569 144 —-

487 224 539 266 16,
551 224 582 265 6,
599 225 629 259 2.
646 224 687 259 *3
736 222 1010 270 conprehendet-
1037 222 1070 258 L
1583 223 1853 268 conprehendit
1879 225 1917 260 et
1943 224 1983 260 Ε
2007 224 2094 269 (def.
2113 224 2159 267 V)

487 282 539 323 16,
554 283 584 324 6,
597 284 629 323 4,
645 283 664 316 5
736 284 1010 319 sacrosanctum
1035 281 1075 315 E
1585 284 1862 317 sacrosanctum
1888 283 2000 319 semel
2032 285 2133 329 apud
2159 284 2365 320 catholicos

1628 338 1810 374 traditum
1834 339 1900 375 ΥΟ
1924 341 2009 385 (def.
2024 341 2113 386 VD)

644 399 664 432 5
737 408 831 441 quae
858 407 902 430 ne
930 395 995 430 ΥΟ
1588 407 1683 440 quae
1708 397 1749 431 E
1771 397 1854 441 (def.
1875 398 1960 443 VD)

624 456 664 489 15
736 452 1014 499 depr-auationis
1032 452 1219 498 implicuit
1237 464 1279 487 ac
1300 452 1437 488 reuerti
1456 452 1522 487 ΥΟ
1586 454 1834 498 deprauitatis
1870 454 1909 490 in
1946 455 2150 492 iudicantis
2184 469 2226 492 ac
2265 469 2365 492 reue-

1631 511 1749 547 rentie
1767 511 1805 546 E
1827 512 1906 557 (des.
1927 513 2014 556 VD)

601 569 664 603 *22
736 567 933 603 stilichone
959 567 986 602 ii
1013 569 1050 603 et
1075 568 1265 603 anthemio
1290 568 1456 603 WEYD
1587 568 1785 605 stilichone
1811 572 1849 605 et
1873 570 2065 606 aureliano
2085 571 2115 606 O
2139 571 2222 616 (def.
2239 572 2283 616 V)

486 627 536 661 16.
552 626 583 667 8,
599 626 628 666 2,
645 626 663 659 7
735 625 924 670 gallicano
950 628 987 660 et
1013 626 1227 670 symmacho
1253 626 1286 660 V
1581 626 1770 671 gallicano
1796 630 1834 662 et
1859 628 1967 663 basso
1992 628 2031 663 Ε
2052 630 2310 674 (interpolans)

486 685 537 724 16,
552 683 650 723 8528,
665 683 706 717 *2
731 683 897 728 potuerit
923 683 1056 718 VEDa
1585 683 1725 728 poterit
1746 684 1784 726 O,
1812 685 2003 730 potuerint
2025 686 2121 721 YDb

485 741 536 783 16,
554 741 604 781 10,
619 741 650 782 3,
666 742 686 776 2
735 741 897 776 eruenda
922 742 962 775 Ε
1586 742 1789 777 erudienda
1814 742 1849 777 V

484 799 685 840 16,11,1,2
733 799 878 845 agitare
904 799 1036 835 Vbrev.
1588 799 1754 835 iudicare
1779 799 1943 844 EYDO,
1971 801 2117 846 agitare
2142 802 2307 838 iudicare
2332 803 2367 837 L

485 857 536 898 16,
554 857 606 899 11,
621 857 652 898 2,
667 857 705 890 *1
734 856 935 892 credulitas
961 856 1148 891 ELYDO
1585 857 1748 893 fidelitas
1772 858 1803 893 T
1821 858 1908 902 (def.
1934 859 1980 903 V)

437 937 506 971 Hic
538 948 621 971 cum
652 937 800 972 iudiciis
830 938 966 973 latiora
999 938 1124 984 spatia
1158 939 1246 973 data
1276 938 1366 981 sint,
1403 939 1547 975 codices
1580 940 1671 975 duos
1697 940 1731 975 V
1753 943 1789 976 et
1816 941 1856 974 E
1887 943 1986 984 (cum
2018 941 2177 976 adseclis
2207 941 2366 987 YDOL)

436 995 654 1031 descendere
692 1007 736 1031 ex
772 996 899 1031 eodem
938 996 1141 1041 exemplari
1179 996 1433 1032 demonstrant
1471 1009 1608 1033 errores
1642 998 1791 1043 utrique
1826 1010 2036 1033 communes
2072 999 2125 1040 16,
2143 1000 2174 1041 2,
2193 999 2288 1042 23,2
2323 1021 2366 1026 -—

438 1052 490 1093 16,
504 1054 535 1095 5,
552 1052 606 1094 20,
623 1054 651 1087 1.
669 1054 692 1087 4
718 1074 759 1078 —
787 1054 838 1096 16,
852 1055 883 1095 5,
898 1054 952 1096 25,
970 1055 986 1088 1
1010 1074 1055 1080 —-
1083 1055 1134 1096 16,
1150 1055 1180 1096 5,
1195 1054 1282 1095 30,5
1310 1075 1352 1079 —-
1379 1055 1431 1096 16,
1446 1056 1476 1097 5,
1491 1056 1545 1097 40,
1561 1057 1601 1089 *7
1626 1076 1668 1081 —
1694 1056 1745 1098 16,
1760 1058 1791 1098 5,
1808 1057 1900 1098 54‚4
1916 1076 1961 1081 —
1980 1057 2032 1098 16,
2047 1057 2078 1100 5,
2093 1057 2148 1099 66,
2163 1057 2194 1092 6.
2231 1058 2366 1093 Aucto-

435 1109 528 1144 ritas
545 1110 739 1155 utriusque
757 1111 918 1157 exempli
937 1112 1064 1147 eadem
1082 1112 1157 1147 fere
1176 1115 1241 1153 est,
1268 1124 1351 1147 cum
1370 1124 1497 1148 verum
1514 1113 1622 1148 modo
1640 1116 1761 1149 servet
1781 1114 1816 1149 V
1829 1117 1958 1150 contra
1975 1114 2014 1149 Ε
2028 1115 2096 1158 (16,
2111 1115 2143 1156 2,
2157 1115 2213 1157 44,
2229 1115 2250 1150 3
2268 1117 2364 1159 cet),

435 1168 542 1202 modo
560 1167 600 1202 Ε
622 1171 751 1204 contra
775 1169 810 1204 V
829 1169 897 1212 (16,
911 1169 943 1211 2,
957 1170 1013 1211 41,
1028 1170 1069 1204 *8
1088 1190 1128 1195 —
1152 1170 1203 1211 16,
1218 1170 1316 1210 5.30‚
1332 1171 1350 1204 7
1372 1191 1412 1195 —
1436 1171 1603 1213 16,5‚63,
1620 1172 1663 1215 1).
1705 1171 1855 1216 Reliqui
1880 1175 2015 1214 textus,
2041 1172 2187 1208 scilicet
2211 1173 2365 1208 duorum

437 1225 703 1270 exemplarium
727 1226 956 1272 integrorum
980 1228 1191 1272 fragmenta
1213 1227 1302 1262 TW
1323 1230 1360 1262 et
1391 1228 1577 1273 epitomae
1609 1229 1703 1265 duae
1729 1229 1890 1266 Gothica
1917 1233 1954 1266 et
1980 1229 2205 1272 Iustiniana,
2239 1242 2364 1266 omnes

436 1282 533 1318 inter
550 1295 586 1318 se
608 1284 722 1323 nullo,
749 1284 813 1328 qui
831 1284 980 1328 quidem
1005 1284 1111 1319 nobis
1136 1287 1329 1330 appareat,
1354 1298 1451 1321 nexu
1473 1286 1756 1329 coniunguntur,
1784 1299 1866 1322 cum
1884 1287 2194 1333 interpolationes
2221 1287 2253 1323 si
2271 1300 2365 1333 quae

436 1341 474 1375 in
499 1340 545 1375 iis
568 1342 812 1387 reperiuntur,
838 1346 880 1377 ut
908 1344 1064 1383 16.11‚2
1090 1343 1127 1377 111
1153 1343 1190 1385 Τ,
1215 1343 1252 1377 111
1277 1343 1433 1388 reliquis
1460 1356 1532 1379 non
1558 1345 1722 1380 redeant.

923 1495 1002 1537 III.
1042 1495 1232 1537 VARIA
1263 1495 1479 1538 LECTIO
1512 1496 1875 1539 IVSTINIANA.

554 1585 645 1620 Cum
675 1588 771 1627 arte,
806 1588 847 1621 ut
879 1599 991 1632 supra
1024 1600 1060 1633 p.
1084 1587 1221 1622 LVIIII
1255 1601 1283 1623 c.
1304 1589 1354 1623 IV
1385 1588 1636 1633 exposuimus,
1672 1588 1921 1624 Theodosiani
1953 1587 2056 1623 crisis
2088 1588 2286 1625 coniuncta
2316 1589 2366 1625 sit

439 1655 520 1678 cum
552 1643 637 1678 crisi
669 1644 805 1679 codicis
830 1645 1045 1686 Iustiniani,
1078 1645 1179 1680 illius
1211 1646 1326 1682 editio
1353 1646 1586 1681 Haeneliana
1611 1658 1654 1682 eo
1680 1646 1738 1681 vel
1764 1646 1925 1682 maxime
1950 1646 2114 1688 laborat,
2147 1647 2246 1691 quod
2270 1658 2366 1691 quae

439 1701 482 1736 de
514 1701 729 1737 Iustinianis
762 1702 985 1738 lectionibus
1010 1702 1213 1739 Haenelius
1246 1703 1375 1739 afferre
1408 1704 1533 1749 potuit
1565 1704 1736 1740 universa
1766 1704 1838 1740 fide
1870 1706 2007 1739 carent.
2063 1704 2142 1739 Iam
2166 1706 2365 1749 postquam

439 1759 575 1794 Paulus
606 1760 773 1806 Krueger
803 1760 1001 1796 Iustiniani
1033 1761 1197 1807 corporis
1229 1761 1479 1797 recensionem
1510 1762 1649 1798 iustam
1683 1765 1721 1798 et
1756 1764 1943 1808 apparatu
1977 1761 2109 1797 idoneo
2143 1762 2366 1798 instructam

438 1816 604 1861 paravit,
637 1829 702 1853 nos
736 1830 830 1862 quae
864 1819 911 1854 ad
943 1822 1070 1854 nostra
1102 1819 1291 1864 pertinent
1322 1819 1408 1855 inde
1439 1820 1602 1855 mutuati
1629 1832 1752 1855 sumus
1777 1818 1933 1856 retentis
1962 1819 2028 1855 ubi
2061 1831 2118 1854 res
2151 1819 2367 1864 requirebat

439 1874 607 1910 codicum
638 1887 660 1910 a
685 1876 872 1922 Kruegero
903 1877 1158 1913 adhibitorum
1189 1877 1287 1913 notis
1313 1878 1495 1913 vocabulo
1520 1878 1607 1914 stt.
1632 1878 1732 1914 intra
1761 1878 2002 1923 parentheses
2028 1877 2041 1920 (
2065 1878 2077 1922 )
2104 1877 2164 1913 vel
2190 1877 2203 1922 [
2226 1877 2238 1922 ]
2269 1880 2368 1923 post-

438 1932 580 1977 positis.
616 1933 793 1979 Exceptis
818 1935 865 1969 iis
885 1935 977 1971 locis
994 1947 1085 1980 quos
1103 1935 1320 1971 Triboniani
1338 1938 1507 1971 auctores
1525 1936 1693 1971 consulto
1717 1937 1957 1971 mutaverunt
1976 1935 2193 1980 plerumque
2219 1946 2241 1970 a
2258 1936 2365 1970 textu

438 1991 635 2037 archetypi
660 2004 682 2027 a
699 1993 917 2029 Iustinianis
934 1993 1106 2039 usurpati
1124 1993 1236 2029 facile
1254 1994 1488 2029 secernendis
1504 1995 1684 2030 lectiones
1702 1993 1932 2029 Iustinianae
1950 1992 2116 2038 optimae
2134 2004 2212 2028 esse
2236 1992 2366 2034 solent,

437 2048 508 2083 nisi
542 2050 639 2094 quod
670 2050 930 2096 inscriptiones
960 2053 1007 2087 ab
1038 2052 1131 2097 ipsis
1163 2052 1470 2097 compilatoribus
1500 2065 1572 2088 non
1606 2064 1688 2088 raro
1713 2052 1906 2088 breviatae
1938 2046 2050 2094 sunt,
2073 2050 2367 2097 subscriptiones

436 2110 561 2142 autem
586 2109 805 2153 praesertim
836 2110 873 2144 in
904 2110 1024 2145 tribus
1050 2110 1246 2156 postremis
1277 2110 1382 2146 libris
1414 2111 1525 2156 culpa
1557 2111 1793 2146 librariorum
1822 2122 1905 2146 raro
1937 2110 1974 2145 in
2009 2109 2200 2145 codicibus
2231 2108 2369 2144 nostris

435 2164 670 2210 reperiuntur
694 2170 793 2203 recte
819 2169 857 2202 et
881 2168 990 2213 plene
1016 2167 1189 2204 traditae.

892 2302 968 2344 IV.
1007 2302 1175 2345 VITIA
1206 2302 1521 2345 BREVIARII
1551 2301 1912 2344 ARCHETYPI.

551 2391 747 2437 Epitomen
773 2392 950 2428 breviarii
976 2393 1175 2429 Gothicam
1207 2397 1391 2439 quatenus
1422 2394 1593 2440 pervenit
1625 2396 1768 2430 textum
1800 2395 2078 2439 repraesentare
2103 2405 2221 2439 neque
2256 2393 2368 2429 inter-

439 2448 606 2493 polatum
632 2462 750 2495 neque
775 2451 992 2486 mutilatum
1018 2452 1094 2486 dixi
1120 2464 1232 2497 supra
1258 2465 1291 2498 p.
1311 2452 1485 2493 XXXVI,
1512 2453 1609 2488 male
1634 2452 1825 2487 immemor
1850 2451 1958 2487 unius
1983 2464 2079 2497 quae
2105 2451 2362 2498 exceptionem

437 2506 526 2541 fecit
559 2507 834 2543 constitutionis
868 2510 1017 2551 16‚7,3;
1050 2510 1128 2545 eius
1160 2510 1256 2546 euim
1287 2511 1375 2545 libri
1401 2511 1607 2546 Alariciani
1640 2511 1687 2546 ad
1719 2523 1834 2545 unum
1866 2522 1990 2545 omnes
2021 2521 2094 2545 non
2123 2510 2265 2546 habent
2295 2508 2368 2544 nisi

438 2567 553 2609 caput
570 2564 741 2610 primum.
783 2566 982 2602 Praeterea
1008 2570 1133 2603 tamen
1159 2579 1219 2602 eos
1237 2579 1383 2612 quoque
1408 2568 1519 2609 locos,
1545 2579 1636 2612 quos
1656 2567 1807 2602 Gothici
1824 2567 2025 2612 prudentes
2049 2567 2201 2603 inutiles
2226 2566 2365 2602 iudica-

437 2622 538 2660 bant,
564 2634 635 2657 non
661 2623 889 2659 sustulerunt
915 2625 1136 2660 adnotantes
1163 2626 1391 2661 solummodo
1417 2626 1509 2661 haec
1535 2638 1572 2661 se
1597 2637 1670 2660 non
1690 2625 1913 2671 exposuisse.
1933 2626 2036 2660 —In
2052 2624 2362 2672 interpretatione

437 2691 576 2716 errores
600 2682 790 2726 graviores
815 2682 920 2717 libris
946 2682 1115 2718 omnibus
1134 2695 1343 2718 communes
1364 2684 1600 2729 reperiuntur
1617 2683 1767 2728 quidem
1787 2685 1836 2729 (p.
1851 2683 2053 2728 XXXVII),
2079 2683 2144 2718 sed
2168 2681 2367 2718 admodum

436 2749 529 2773 raro.
570 2738 696 2774 Etiam
720 2739 759 2774 in
782 2742 888 2775 textu
915 2740 1224 2777 constitutionum
1249 2753 1332 2777 raro
1359 2744 1555 2777 occurrunt
1580 2742 1720 2777 similes
1742 2742 1897 2777 mendae
1914 2741 2021 2776 libris
2039 2752 2113 2776 non
2131 2739 2364 2776 variantibus

437 2800 475 2831 et
500 2799 697 2842 propterea
720 2797 934 2834 referendae
963 2801 1029 2834 aut
1060 2799 1107 2834 ad
1133 2799 1382 2836 Theodosiani
1408 2800 1618 2846 exemplum
1643 2800 1691 2835 ab
1720 2799 1943 2835 Alaricianis
1966 2801 2187 2845 usurpatum
2218 2798 2285 2833 aut
2319 2796 2367 2832 ad

437 2854 683 2900 archetypum
707 2855 907 2891 Breviarii:

575 2924 606 2965 3,
623 2925 697 2967 1,2,
713 2926 733 2960 7
806 2927 923 2972 certa]
948 2927 995 2970 fr.
1018 2927 1107 2970 Vat„
1135 2927 1173 2962 id
1200 2930 1301 2964 certa
1326 2929 1430 2964 ΒΜΓ.

575 2983 606 3025 3,
622 2983 676 3025 30,
691 2984 758 3025 6,9
806 2985 1037 3030 mutandum]
1061 2986 1098 3027 T,
1125 2987 1376 3022 mutilandum
1403 2988 1507 3022 Brer.

576 3040 606 3078 8,
625 3041 676 3084 18,
691 3042 722 3083 9,
738 3044 775 3077 *1
808 3055 881 3078 non
906 3043 1132 3089 extantibus]
1159 3044 1261 3088 Iust„
1287 3045 1502 3080 extantibus
1530 3046 1632 3079 Rrez:

442 3119 601 3156 Iudicem
628 3123 871 3164 rubricarum,
906 3137 1014 3169 quem
1046 3138 1157 3171 supra
1189 3138 1223 3171 p.
1242 3127 1366 3161 5—‘25
1398 3127 1444 3162 ad
1474 3126 1589 3161 libros
1614 3125 1833 3161 NABOLS
1856 3124 2117 3170 expressimus,
2150 3134 2223 3158 non
2249 3125 2366 3158 trans-

440 3178 557 3212 latum
584 3191 660 3215 esse
687 3192 729 3215 ex
755 3182 960 3225 codicibus,
993 3195 1084 3228 quos
1109 3184 1315 3219 Alariciaui
1343 3185 1455 3230 periti
1481 3184 1747 3225 adhibuerunt,
1782 3183 1839 3218 vel
1870 3182 1955 3218 inde
1987 3180 2237 3227 intellegitur,
2265 3180 2364 3226 quod

441 3235 648 3272 universum
671 3238 900 3274 Breviarium
927 3241 1068 3285 pariter
1093 3242 1294 3286 complecti
1319 3242 1413 3277 solet
1437 3253 1556 3285 neque
1582 3241 1659 3275 ullo
1684 3241 1765 3276 loco
1782 3239 1974 3276 Breviario
1998 3241 2123 3274 nostro
2148 3237 2363 3283 antiquiora

442 3293 708 3331 subministrat.
742 3318 783 3322 —
814 3298 971 3333 Mendae
1001 3299 1184 3343 quaedam
1217 3301 1255 3335 et
1287 3299 1545 3335 additamenta
1576 3298 1715 3333 Indicis
1747 3298 2022 3343 exemplaribus
2053 3295 2240 3341 plerisque
2270 3306 2364 3331 com-

443 3351 566 3386 munia
592 3353 744 3388 redeunt
772 3354 862 3389 item
890 3355 927 3389 in
952 3356 1119 3397 rubricis,
1145 3356 1273 3400 quales
1298 3367 1360 3392 eas
1386 3356 1565 3391 exhibent
1590 3355 1706 3400 ipsius
1730 3354 1913 3391 Breviarii
1938 3353 2166 3399 exemplaria
2189 3353 2324 3389 multa:
