2501 3615
979 187 1021 192 —
1070 166 1205 202 LXVII
1256 185 1299 190 —

177 274 301 321 capite
319 273 460 319 quinto.
480 292 523 298 -
539 271 716 308 Dominus
742 272 828 307 libri
851 272 915 318 qui
941 271 1011 307 fuit
1031 271 1207 308 Seldenus
1233 271 1429 316 postquam
1457 267 1493 302 in
1519 265 1780 302 dissertatione
1806 265 1849 302 de
1868 266 1975 301 Fleta-
2000 265 2101 301 edita

176 333 315 369 a.1647
348 331 454 377 plura
487 343 530 367 ex
562 342 603 366 eo
636 330 811 376 protulit,
846 331 999 366 Iacobus
1025 329 1272 365 Gothofredus
1297 325 1509 364 Seldeniani
1535 327 1679 371 partem
1705 324 1781 367 (1.2
1807 323 1865 359 tit.
1887 325 1999 368 1—4)
2030 323 2101 358 sibi

177 389 435 427 conferendam
460 388 608 424 curavit
633 389 786 432 (Haenel
814 389 913 424 brev.
935 401 970 434 p.
987 388 1116 431 LVII);
1143 391 1274 433 postea
1299 388 1337 422 et
1361 385 1428 420 alii
1454 387 1492 420 et
1519 382 1718 420 Haenelius
1743 394 1826 418 eum
1851 383 2103 418 adhibuerunt

176 447 368 492 ediditque
402 446 446 481 de
482 458 524 481 eo
555 445 690 481 librum
726 446 951 492 singularem
985 445 1138 480 Carolus
1162 444 1282 480 Witte
1312 444 1370 487 (de
1400 441 1576 478 Guilelmi
1608 440 1945 477 Malmesburiensis
1977 440 2101 476 codice

177 504 270 551 legis
288 504 476 540 Romanae
496 503 802 549 Wisigothorum.
821 502 1073 539 Vratislaviae
1095 502 1204 546 13:31).
1248 502 1302 536 Ad
1326 502 1422 537 banc
1447 499 1646 536 editionem
1672 510 1752 535 meo
1778 497 1978 545 diligenter
2003 497 2101 532 iussu

176 575 259 600 eum
285 561 442 599 contulit
469 563 572 597 Anna
602 562 748 598 Par-ker.

293 677 554 723 Eporediensis
586 678 838 715 bibliothecae
871 677 1029 723 capit-uli
1064 677 1140 712 cod.
1164 678 1207 711 :35
1233 688 1327 711 saec.
1348 676 1396 710 IX
1418 676 1475 710 fin.
1502 674 1655 717 (Haenel
1681 701 1688 708 .
1709 701 1714 708 .
1735 701 1741 708 .
1762 701 1768 707 .
1789 688 1830 702 =
1851 673 1906 717 16)
1940 671 2105 707 continet-
2171 669 2188 702 ‘J

177 736 296 771 solum
320 735 547 771 breviarium
572 736 838 772 Alai-icianum.
889 735 1001 771 Initio
1027 734 1181 770 mutilus
1209 733 1450 779 quaternione
1478 732 1595 778 primo
1626 734 1664 767 et
1695 730 1847 766 secundi
1878 729 1978 765 foliis
2002 728 2105 774 quin-

178 806 249 839 que
272 793 417 830 amissis
440 793 576 839 incipit
593 795 667 836 28,
683 796 744 835 1,4
764 793 885 829 verbis
909 797 939 828 et
965 793 1236 827 manumittendi
1260 792 1315 826 (lie
1339 792 1443 836 festo.
1481 789 1687 835 Archetypi
1712 789 1801 825 folio
1827 787 1972 824 foliisve
1991 790 2105 822 trans-

178 851 311 898 positis
336 851 438 887 locus
463 851 495 893 3,
512 853 642 894 17.1,1
671 852 751 896 imp.
771 851 1022 886 constantinus
1047 851 1094 885 ad
1119 850 1316 892 2:3‚17,4‚*⁴3
1341 853 1422 893 post
1447 849 1592 883 tutelam
1622 846 1870 893 interponitur
1895 845 1994 880 inter
2018 846 2049 886 3,
2065 845 2103 879 11

178 921 213 955 p.
229 909 304 951 149,
320 911 336 946 1
360 921 492 955 parere
510 911 662 945 noluerit
687 912 724 945 et
748 921 792 946 ea
809 921 904 954 quae
923 908 976 944 ibi
996 910 1208 953 sequuntur.
1251 909 1339 943 Item
1358 907 1460 943 locus
1477 908 1509 949 4,
1521 907 1553 948 4,
1566 906 1597 948 3,
1611 906 1650 940 *2
1667 905 1922 949 suscriptormn
1939 912 2107 937 numerus

178 966 227 1002 ad
242 967 275 1008 4,
286 967 318 1009 4,
332 968 437 1009 5,*17
456 968 505 1002 rel
526 968 566 1002 in
583 977 820 1011 quascumque
840 966 1089 1011 interponitur
1105 966 1137 1007 4,
1153 967 1181 1006 l,
1197 965 1279 1006 1,14
1297 964 1393 1000 inter
1410 964 1557 998 debitam
1581 965 1619 998 et
1643 963 1747 1006 capit.
1788 962 1881 997 Item
1900 959 2106 1005 bibliopegi

178 1036 299 1060 errore
324 1025 415 1061 folia-
442 1027 494 1061 15.
517 1027 573 1067 16,
607 1036 702 1070 quae
734 1024 925 1060 continent
957 1024 988 1065 2,
1005 1024 1057 1065 12,
1075 1024 1104 1065 1,
1122 1023 1163 1058 10
1195 1021 1412 1068 (repc)tendo
1435 1021 1545 1065 fuerit
1574 1023 1787 1055 contestatus
1817 1019 1864 1054 ad
1889 1018 2107 1060 2‚14‚1‚*22

179 1093 241 1117 seu
257 1084 518 1128 possessionum
536 1094 596 1118 seu
614 1083 878 1127 repetitionum,
907 1081 1046 1117 inserta
1069 1084 1153 1116 sunt
1176 1080 1273 1122 2:33,
1287 1080 1317 1121 2,
1331 1080 1371 1115 *2
1395 1079 1493 1115 inter
1515 1089 1555 1113 ea
1578 1089 1658 1114 vero
1683 1080 1720 1113 et
1738 1087 1825 1122 quae
1849 1079 1942 1111 ante.
1981 1073 2107 1110 Codici

180 1140 449 1182 Theodosiano,
475 1141 539 1185 qui
563 1140 645 1176 finit
672 1140 710 1175 in
735 1153 768 1185 q.
784 1139 909 1175 XVIII
936 1139 1025 1174 folio
1052 1138 1184 1174 ultimo
1211 1138 1284 1173 iam
1312 1139 1504 1173 numerato
1525 1136 1600 1178 133,
1627 1134 1887 1171 subscribitur:
1913 1133 2108 1177 empliciwnt

179 1198 261 1233 libri
281 1198 472 1233 Theodosii
495 1198 656 1242 feliciter5
680 1197 718 1233 in
745 1197 885 1244 pagina
910 1197 1079 1243 proxima
1105 1197 1280 1242 leguntur
1297 1197 1482 1241 excerpta,
1509 1195 1552 1230 de
1570 1193 1704 1239 quibus
1730 1194 1860 1238 postea
1885 1191 2038 1231 dicetur,
2065 1201 2108 1225 cx

180 1255 324 1302 sylloge
349 1255 610 1291 sirmondiana
642 1255 708 1291 sub
734 1255 966 1301 praescripto
998 1254 1040 1288 de
1063 1254 1249 1298 episcopali
1272 1252 1412 1288 iudicio.
1461 1252 1561 1287 Haec
1587 1250 1780 1296 excipiunt
1803 1248 1985 1284 Novellae
2010 1249 2107 1292 post-

181 1313 447 1350 theodosianae
485 1316 523 1350 et
551 1312 736 1349 Breviarii
771 1315 896 1358 partes
928 1302 1106 1356 reliquae.
1167 1311 1237 1346 Eas
1273 1310 1374 1346 nullo
1413 1309 1610 1345 intervallo
1645 1309 1848 1352 sequuntur
1881 1304 2107 1351 appendices

182 1369 359 1406 breviarii
389 1370 499 1413 duae,
532 1371 662 1415 quales
693 1383 755 1407 eas
789 1370 907 1406 edidit.
933 1370 1112 1415 Krueger,
1145 1369 1305 1414 primum
1331 1368 1491 1404 secunda
1517 1365 1698 1412 incipiens
1728 1375 1770 1400 ea:
1794 1374 1934 1407 corpore
1957 1361 2106 1397 Theodo-

179 1427 277 1462 siani
298 1427 354 1463 lib.
373 1427 431 1463 VI
448 1429 499 1464 tit.
516 1428 692 1473 XXVII,
718 1427 847 1463 finiens
866 1427 997 1471 posuit.
1024 1431 1090 1471 ex?
1115 1419 1161 1460 ld)
1184 1426 1276 1461 iuris
1299 1425 1454 1469 feliciter,
1481 1424 1612 1459 deinde
1639 1422 1759 1469 prima
1784 1422 1851 1456 sub
1877 1419 2107 1466 praescripto

180 1484 367 1520 Institutio
388 1484 607 1530 Greyoriani
631 1485 716 1521 Zib.i
752 1485 793 1520 de
812 1484 1049 1530 postulando,
1082 1484 1210 1520 finiens
1235 1484 1419 1519 auriliano
1444 1493 1553 1518 conss.
1580 1481 1644 1516 deo
1664 1480 1801 1525 gratias
1824 1490 1936 1513 amen.
1968 1477 2109 1522 eoeplz‘eit

179 1542 266 1578 liber
290 1543 406 1588 lequm
428 1543 597 1579 theodosii
621 1547 651 1579 et
674 1544 902 1579 novellarum.
928 1565 971 1569 —
998 1544 1039 1578 In
1067 1543 1233 1588 margine
1266 1542 1403 1588 passim
1433 1541 1606 1586 leguntur
1635 1538 1813 1574 lectiones
1840 1536 1965 1572 variae
1996 1534 2107 1580 scrip-

181 1601 267 1636 tura
283 1600 447 1643 diversa,
477 1602 542 1638 sed
569 1601 631 1637 vix
655 1601 871 1638 recentiore.
899 1622 941 1627 -
968 1602 1046 1637 Hoc
1072 1601 1198 1637 codice
1223 1613 1308 1636 usus
1333 1602 1391 1635 est
1417 1598 1598 1634 Cuiacius.
1649 1598 1682 1631 Is
1707 1606 1932 1641 quamquam
1958 1593 1995 1628 in
2026 1592 2108 1638 ipsa

180 1658 302 1695 fronte
320 1659 519 1695 voluminis
544 1660 637 1697 editi
659 1673 692 1696 a.
709 1661 797 1696 1566
815 1660 869 1696 ait
892 1672 987 1695 nunc
1005 1659 1166 1705 primum
1188 1659 1373 1705 integrum
1391 1657 1536 1703 prodire
1554 1656 1667 1691 libros
1685 1651 1933 1689 Theodosiani
1951 1652 2012 1686 VI.
2027 1650 2107 1685 VII.

182 1717 283 1752 VIII.
309 1717 413 1760 XVI,
445 1718 484 1753 in
509 1719 742 1764 praefatione
775 1731 858 1754 cum
886 1721 960 1754 tres
986 1717 1124 1763 primos
1149 1719 1323 1762 acceptos
1349 1716 1483 1752 referat
1509 1713 1627 1749 codici
1660 1725 1681 1748 a
1706 1711 1894 1757 Stephano
1921 1708 2108 1754 Charpino

182 1775 440 1821 suppeditato,
467 1776 583 1813 etiam
607 1777 789 1813 minorum
816 1777 1172 1817 additamentorum,
1204 1779 1247 1810 ut·
1272 1774 1377 1810 tituli
1402 1774 1447 1809 de
1472 1774 1620 1808 senatus
1646 1770 1814 1806 consulto
1840 1767 2045 1803 Claudiano
2071 1769 2109 1801 et

181 1833 414 1870 novellarum
438 1838 634 1871 auctarum
659 1847 727 1881 per
751 1834 865 1870 libros
890 1834 980 1870 duos
1006 1833 1253 1870 Pithoeanum
1279 1836 1316 1868 et
1342 1831 1604 1867 Loiselianum.
1638 1827 1816 1873 originem
1846 1824 2030 1866 enuntiet,
2063 1824 2107 1859 de

183 1892 278 1928 libro
295 1892 383 1928 XVI
408 1892 447 1927 in
471 1892 706 1938 praefatione
724 1894 876 1929 verbum
901 1905 973 1929 non
997 1892 1100 1934 facit,
1126 1894 1168 1926 ut
1193 1891 1358 1926 dubitari
1383 1902 1457 1925 non
1482 1888 1599 1935 possit
1625 1899 1708 1923 eum
1733 1886 1777 1921 de
1803 1883 1928 1920 codice
1954 1883 2000 1918 ad
2027 1894 2108 1917 eum

183 1949 356 1986 adhibito
381 1950 542 1986 tacuisse
568 1951 746 1987 consulto.
789 1952 868 1987 Iam
893 1953 1024 1986 nactus
1042 1949 1328 1996 Eporediensem
1356 1961 1438 1983 cum
1462 1959 1544 1983 eum
1569 1944 1834 1981 intellexissem
1858 1953 1940 1977 raro
1965 1940 2109 1976 differre

183 2008 232 2044 ab
249 2007 414 2044 editione
432 2000 645 2051 Cu'iaciana,
671 2009 709 2044 in
728 2009 978 2045 coniecturam
1002 2007 1116 2043 incidi
1139 2007 1260 2052 ipsum
1284 2018 1365 2043 euin
1389 2018 1411 2041 a
1429 2004 1580 2041 Cuiacio
1597 2005 1815 2048 usurpatum
1833 2012 1921 2037 esse.
1958 1998 2110 2034 Scilicet

184 2066 218 2102 is
241 2078 309 2112 per
332 2067 399 2102 hos
424 2078 539 2103 annos
563 2066 715 2102 Italiam
741 2066 848 2110 adiit,
866 2065 1037 2103 Venetiis
1054 2065 1295 2101 basilicorum
1313 2064 1476 2100 codicem
1497 2060 1740 2107 comparavit,
1766 2059 1948 2105 professor
1966 2059 2110 2092 creatus

183 2123 356 2161 Taurinis
380 2125 512 2161 ducem
529 2124 700 2160 Etruriae
718 2124 893 2170 precibus
917 2124 1023 2166 adiit,
1049 2127 1092 2159 ut
1118 2123 1232 2159 codex
1250 2122 1517 2168 pandectarum
1537 2120 1563 2154 F
1566 2118 1772 2155 lorentinus
1788 2116 1970 2151 Taurinos
1988 2113 2109 2149 mitt-e-

181 2185 285 2219 retur
309 2182 461 2228 eiusque
486 2182 541 2218 ibi
566 2182 638 2218 sibi
665 2183 774 2228 copia
799 2183 901 2219 fieret
919 2183 1041 2228 (Hugo
1063 2182 1195 2216 cirilist.
1212 2180 1386 2226 Dfityazin
1403 2179 1423 2213 3
1449 2191 1483 2224 p.
1499 2178 1575 2212 208.
1594 2177 1684 2220 250).
1727 2176 1929 2220 Propterea
1952 2184 2024 2207 non
2049 2171 2110 2206 ab-

183 2241 304 2276 simile
329 2240 407 2277 veri
432 2243 488 2277 est
513 2240 679 2277 codicem
703 2243 868 2276 nostrum
887 2238 1172 2285 Eporediensem
1198 2250 1263 2283 per
1288 2248 1331 2273 ea
1356 2239 1524 2281 tempora
1550 2234 1597 2269 ad
1615 2231 1807 2268 Cuiacium
1833 2230 1997 2265 delatum
2022 2239 2109 2268 esse,

182 2301 240 2335 lta
263 2301 401 2341 tamen,
426 2301 469 2335 ut
493 2302 647 2344 propter
663 2298 831 2343 aliquam
855 2309 1005 2333 causam
1030 2296 1064 2333 ei
1089 2308 1161 2332 non
1187 2295 1317 2331 liceret
1341 2293 1489 2339 publice
1513 2292 1552 2326 id
1576 2289 1750 2336 profiteri.
1788 2287 2012 2323 Confirmant
2030 2296 2110 2320 con-

184 2356 366 2394 iecturam
390 2358 429 2393 et
452 2357 551 2392 hunc
576 2368 723 2401 quoque
749 2355 912 2391 codicem
939 2355 986 2390 ad
1005 2353 1196 2390 Cuiacium
1222 2352 1389 2388 adlatum
1415 2362 1492 2385 esse
1517 2361 1539 2384 a
1559 2349 1714 2383 Pithoeo
1743 2345 1906 2380 indicare
1931 2343 2109 2383 videntur,

187 2427 282 2460 quae
305 2426 350 2451 ex
372 2414 546 2460 epistulis
568 2414 712 2450 Cuiacii
736 2415 784 2450 ad
807 2413 1006 2449 Pithoeum
1030 2412 1122 2456 (cod.
1142 2411 1256 2446 Paris.
1273 2410 1407 2455 Dupuy
1424 2409 1502 2452 700)
1523 2418 1605 2442 mea
1630 2415 1741 2440 causa
1766 2401 1949 2447 excerpsit
1971 2400 2111 2435 amicus

187 2472 331 2509 Girard.
367 2472 412 2508 Je
436 2483 522 2508 vous
547 2472 675 2516 eni-oie,
702 2471 832 2507 scribit
851 2470 1025 2506 Cuiacius
1042 2469 1215 2505 Taurinis
1234 2469 1263 2503 7.
1278 2468 1371 2512 Aug.
1392 2468 1436 2512 [a.
1453 2466 1539 2501 1567
1550 2465 1581 2510 2²]
1602 2467 1709 2499 vostre
1732 2461 1812 2496 cocle
1834 2459 2060 2502 thebdosffien)
2080 2460 2112 2491 et

185 2531 216 2567 le
232 2530 451 2566 Jornandes.
493 2530 588 2566 Item
604 2529 703 2566 idem
721 2530 769 2564 ad
786 2529 942 2565 eundem
957 2527 1132 2564 Valentia
1149 2528 1180 2562 9.
1198 2527 1283 2562 Dec.
1303 2525 1404 2570 [1569
1416 2524 1468 2570 ‘?]:
1495 2535 1543 2557 αιι
1568 2525 1655 2557 reste
1678 2523 1788 2555 vostre
1813 2517 1892 2553 code
1914 2515 2112 2550 tlce'odosien

184 2589 272 2624 n’est
297 2588 405 2634 point
428 2587 569 2632 perdit,
601 2588 692 2622 mais
723 2590 801 2622 tant
826 2597 891 2632 que
921 2597 976 2621 ces
1000 2585 1150 2621 troubles
1173 2584 1358 2626 clarerent,
1392 2583 1420 2616 il
1448 2583 1510 2627 n'y
1534 2592 1556 2614 ιι
1575 2590 1645 2624 pas
1670 2578 1782 2612 molen
1805 2575 1845 2610 cle
1870 2576 1898 2609 le
1920 2582 2110 2608 recouvrer.

187 2648 283 2683 Item
299 2647 429 2693 paullo
447 2648 579 2692 postea
596 2645 694 2682 idem
713 2646 760 2681 ad
778 2645 950 2682 eundem:
979 2655 1063 2679 rous
1088 2643 1195 2678 dictes
1212 2652 1276 2687 que
1298 2651 1383 2676 vous
1406 2650 1486 2674 ares
1509 2637 1628 2673 trouve
1652 2637 1697 2671 les
1716 2634 1861 2669 noi-elles
1877 2632 1917 2667 de
1937 2631 1968 2665 Τ
1969 2629 2112 2665 he'odose

187 2708 287 2741 entre
311 2705 360 2740 les
383 2705 502 2739 mains
525 2703 566 2738 de
588 2704 771 2739 monsieur
794 2703 939 2738 Daniel.
988 2702 1031 2737 Je
1056 2701 1234 2746 voudrays
1255 2699 1325 2742 fort
1348 2698 1484 2733 scavoir
1508 2696 1539 2731 si
1562 2706 1598 2730 ce
1622 2697 1703 2729 sont
1726 2692 1821 2727 celles
1845 2701 1910 2735 que
1934 2689 2006 2733 i'ay
2030 2690 2112 2721 tenu,

187 2763 212 2798 ὰ
232 2762 349 2798 Turin
371 2766 404 2798 et
427 2773 495 2807 que
519 2772 604 2797 vous
627 2772 705 2796 ares
734 2760 904 2796 demande'
935 2761 968 2795 si
991 2762 1134 2794 souvent
1165 2762 1195 2793 et
1223 2758 1332 2802 qu'au
1359 2755 1479 2800 partio·
1503 2754 1554 2787 cla
1579 2752 1651 2787 (liet
1679 2750 1794 2785 Twrin
1811 2748 1950 2793 j’aroys
1973 2744 2113 2780 commis

186 2821 212 2855 ὰ
235 2819 291 2855 Μ.
310 2819 422 2855 Oraba
441 2830 537 2864 pour
560 2829 647 2854 vous
669 2818 810 2854 rendre.
861 2818 903 2853 Je
927 2828 1012 2852 roas
1032 2817 1113 2861 prie
1137 2815 1340 2850 m’adrertir
1364 2813 1396 2848 si
1420 2814 1497 2848 c'est
1521 2811 1611 2854 cela,
1644 2819 1707 2844 car
1729 2807 1806 2851 j'en
1830 2816 1877 2851 ay
1900 2815 1981 2839 mon
2008 2802 2113 2846 esprit

186 2878 326 2924 chao-96.
369 2877 544 2914 Codicem
567 2876 762 2918 Breviarii,
792 2888 901 2920 quem
927 2888 949 2911 a
977 2875 1132 2911 Pithoeo
1159 2873 1401 2918 impetratum
1428 2869 1590 2906 versavit
1615 2865 1787 2903 Cuiacius
1812 2862 1995 2903 Taurinis,
2023 2860 2113 2896 veri-

187 2935 308 2972 simile
337 2937 396 2972 est
426 2935 540 2971 fuisse
571 2934 692 2980 ipsum
724 2937 891 2970 nostrum
922 2932 1207 2978 Eporediensem
1239 2943 1260 2965 a
1286 2930 1476 2975 praefecto
1508 2925 1760 2961 bibliothecae
1793 2921 1952 2968 capituli
1985 2922 2113 2955 contra

188 2993 311 3040 legem
344 2992 502 3029 Pithoeo
535 2994 574 3028 et
606 3004 673 3038 per
705 2992 903 3027 Pithoeum
929 2990 1082 3026 Cuiacio
1116 2988 1389 3024 commodatum
1421 2985 1488 3020 sub
1522 2984 1592 3019 hac
1625 2981 1854 3022 condicione,
1889 2977 2112 3014 commodati

188 3062 321 3096 parum
351 3049 515 3096 legitimi
547 3049 699 3095 publice
731 3049 872 3086 mentio
903 3060 948 3084 ne
974 3048 1087 3084 fieret.
1137 3046 1244 3082 Certe
1276 3046 1313 3080 in
1345 3056 1388 3080 ea
1414 3054 1560 3088 quoque
1585 3052 1622 3076 re
1650 3040 1846 3075 Pit-hoeum
1872 3035 2113 3072 intervenisse

189 3107 274 3145 inde
304 3107 504 3154 probabile
534 3110 608 3150 est,
640 3108 739 3153 quod
771 3107 809 3142 in
835 3106 1039 3152 exemplari
1070 3105 1148 3141 eius
1174 3103 1347 3140 editionis
1374 3101 1599 3137 Ouiae-ianae
1625 3110 1656 3133 a.
1678 3097 1764 3132 1566
1791 3094 2002 3140 adscriptae
2027 3095 2112 3128 sunt

190 3165 254 3201 hie
277 3165 358 3201 illic
383 3165 563 3201 lectiones
587 3167 760 3210 sumptae
786 3164 863 3199 sine
890 3163 1002 3199 dubio
1027 3175 1070 3198 ex
1097 3161 1221 3197 codice
1240 3158 1494 3206 Eporediensi;
1521 3156 1664 3192 scilicet
1686 3154 1824 3196 16‚1,3‚
1841 3154 1871 3187 7.
1889 3152 1910 3187 8
1935 3152 1982 3186 ad
2002 3151 2114 3185 verba

190 3222 244 3266 (in
260 3223 322 3258 *E
346 3222 496 3267 omissa)
523 3222 740 3258 adferuntur
767 3222 947 3269 lectiones
974 3222 992 3254 7
1019 3224 1050 3255 et
1073 3219 1234 3264 diodoro]
1262 3217 1414 3252 eliodoro
1438 3235 1481 3240 —-
1508 3212 1730 3258 anzphiloeio]
1752 3210 1902 3254 plzilotio
1932 3210 2044 3243 notae
2069 3220 2113 3243 ex

190 3280 269 3316 solo
292 3280 551 3326 Eporediensi3
582 3279 675 3316 item
702 3281 754 3321 16,
768 3280 835 3322 2,7
862 3280 971 3324 (quae
1003 3280 1040 3313 et
1071 3277 1153 3323 ipsa
1185 3277 1292 3312 abest
1321 3275 1367 3310 ab
1394 3273 1453 3308 *E
1479 3271 1568 3308 folio
1592 3269 1782 3313 mutilato)
1809 3267 1973 3303 adfertur
2002 3264 2113 3301 lectio

189 3337 444 3383 hypodiaconi]
464 3337 659 3382 presbyteri
681 3336 828 3372 diaconi
851 3335 1091 3382 Eporediensi
1117 3333 1277 3380 propria.
1326 3332 1427 3368 Haec
1454 3343 1535 3366 cum
1564 3329 1602 3364 in
1630 3327 1791 3363 editione
1817 3324 2018 3361 Cuiaciana
2041 3335 2112 3358 non

191 3400 443 3442 compareant,
469 3397 647 3434 Pithoeus
674 3398 740 3432 aut
765 3407 809 3431 ex
827 3394 969 3431 Cuiacii
995 3393 1141 3430 schedis
1167 3391 1326 3439 sumpsit
1351 3393 1427 3433 aut,
1454 3390 1551 3436 quod
1577 3387 1697 3434 magis
1719 3384 1946 3425 crediderim,
1971 3394 2014 3419 ex
2032 3382 2112 3429 ipso
