2485 3615
1185 155 1227 161 --
1277 133 1433 171 CXVIII
1483 155 1524 160 —-

651 175 672 194 Ο

388 240 482 276 libro
509 239 700 276 difficilem
725 242 763 276 et
787 240 984 275 molestum
1009 238 1106 274 male
1135 237 1318 279 ordinans,
1347 238 1437 274 item
1464 238 1567 274 varia
1592 237 1753 275 lectione
1785 251 1828 274 ex
1854 238 1981 275 codice
2007 237 2213 276 Iustiniano
2239 251 2317 285 per-

388 309 516 343 peram
542 299 741 344 adsumpta
773 301 811 334 et
841 296 1163 342 disquisitionibus
1195 296 1242 331 ab
1274 295 1357 341 ipsa
1388 295 1473 331 crisi
1504 295 1655 331 remotis
1685 296 1844 332 maxime
1875 297 2148 343 chronologicis
2178 297 2317 342 passim

387 367 471 390 eum
501 367 666 392 onerans.
715 355 845 390 Nihilo
875 354 995 389 minus
1024 353 1096 388 nisi
1120 352 1292 389 Haenelii
1323 352 1508 389 industria
1537 353 1721 389 indefessa
1752 365 1845 400 opus
1875 354 2046 392 inivisset
2078 355 2184 390 libris
2215 354 2318 390 inda-

386 413 487 458 gatis
513 416 551 449 et
576 413 813 458 aliquatenus
832 411 934 447 varia
959 410 1119 447 lectione
1138 411 1354 456 composita,
1381 423 1451 457 ego
1477 413 1576 447 certe
1601 423 1674 446 non
1697 423 1807 446 ausus
1832 423 1948 447 essem
1969 424 2035 457 per
2053 413 2204 448 dumeta
2224 412 2317 448 haec

388 472 435 506 ad
459 471 614 506 meliora
638 471 798 506 tendere.
850 469 968 512 Quam
993 468 1039 503 ob
1064 480 1141 503 rem
1167 468 1198 503 si
1223 469 1287 514 qui
1313 471 1437 512 erunt,
1471 468 1606 514 quibus
1639 469 1731 504 haec
1763 481 1845 505 mea
1877 481 1989 515 opera
2019 469 2258 516 probabitur,
2290 469 2318 504 ii

388 529 510 564 sciant
534 528 735 564 editionem
762 530 930 562 curatam
960 537 1038 562 esse
1070 537 1092 560 a
1123 526 1356 572 recognitore
1387 528 1594 572 apparatus
1619 526 1840 562 Haeneliani
1869 539 1941 563 non
1975 539 2100 569 caeco,
2133 527 2197 562 sed
2227 526 2318 562 item

387 590 494 633 grato
521 585 701 621 decessori
726 584 771 626 ei,
797 583 860 628 qui
886 594 953 628 per
976 582 1197 629 impeditum
1223 586 1387 620 tractum
1412 584 1553 630 primus
1580 583 1677 619 viam
1703 583 1849 627 stravit,
1876 587 1914 620 et
1939 585 2073 631 optimi
2100 584 2170 620 viri
2195 584 2318 620 iustae

387 644 509 680 laudis
534 643 652 688 primo
678 653 868 687 praecone.

187 723 368 758 VESJJE
505 722 723 758 CAROLVS
747 722 898 757 BAVDI
923 722 955 756 A
980 721 1140 757 VESME
1166 722 1365 759 Cuneensis
1390 735 1565 769 magnum
1592 735 1684 768 opus
1709 722 1903 758 inchoavit
1928 722 2148 768 inscriptum
2163 722 2319 769 ‘Corpus

385 781 488 816 ‘iuris
514 779 688 815 Romani:
715 792 801 825 pars
826 779 963 825 prima:
995 779 1052 814 ius
1075 780 1473 817 anteiustinianaeum:
1507 784 1630 817 tomus
1655 780 1852 816 secundus:
1879 780 1994 816 codex
2019 780 2319 823 Theodosianus’,

388 838 491 873 cuius
523 849 594 872 non
628 836 768 882 prodiit
799 837 870 872 nisi
895 837 1096 873 fasciculus
1128 850 1222 873 unus
1246 839 1439 885 Augustae
1465 838 1712 874 Taurinorum
1740 838 1828 873 1839
1854 838 2053 884 (praefatio
2086 838 2176 874 data.
2205 841 2261 874 est
2286 838 2320 873 V

387 896 436 930 id.
455 896 521 930 Iul.
541 906 573 930 a.
594 895 696 939 1841)
722 907 785 940 pp.
807 895 957 937 1—208,
984 895 1113 930 finiens
1137 897 1170 937 4,
1184 896 1276 938 22,4
1301 897 1401 932 verb.
1418 895 1570 931 iudicem
1595 907 1730 940 quoque
1755 896 1955 930 absentium
1978 895 2198 941 commoda).
2247 895 2320 941 Ap-

389 956 553 998 paratus,
579 954 622 988 ut
648 952 768 988 editor
786 952 982 998 profitetur
998 952 1037 988 111
1054 953 1298 999 praefatione,
1325 956 1427 989 totus
1452 955 1621 999 sumptus
1647 955 1703 989 est
1729 965 1772 988 ex
1798 952 1962 988 editione
1980 952 2222 995 Haeneliana,
2248 952 2321 988 nisi

387 1011 485 1055 quod
510 1010 590 1055 ipse
616 1010 778 1046 excussit
803 1010 917 1045 libros
945 1011 1034 1046 duos
1052 1011 1337 1047 Ambrosianum
1364 1010 1390 1046 C
1409 1011 1475 1046 276
1494 1011 1559 1046 inf.
1586 1012 1637 1056 (p.
1657 1009 1769 1055 XCV)
1796 1013 1833 1047 et
1854 1010 2118 1046 Taurinensem
2146 1012 2174 1046 1.
2194 1009 2256 1046 IV.
2274 1010 2319 1045 27

387 1069 436 1113 (p.
461 1067 568 1112 CIII).

387 1198 552 1230 librorum
571 1196 636 1229 BG
654 1197 768 1240 glossa
783 1197 952 1239 prouida,
977 1198 1067 1230 uude
1085 1197 1143 1230 ille
1160 1197 1251 1230 dedit
1267 1197 1338 1229 iam
1352 1197 1516 1240 prouida,
1541 1198 1597 1230 hic
1614 1198 1651 1229 in
1663 1203 1828 1240 prompta
1845 1198 1904 1239 Gt,
1929 1197 1998 1229 iam
2013 1201 2174 1239 prompta
2190 1196 2258 1229 GV.
2276 1214 2320 1218 —

386 1244 465 1276 Alio
490 1244 564 1276 loco
582 1242 614 1285 2,
628 1243 659 1283 4,
675 1243 695 1276 4
721 1245 827 1276 verba
849 1255 907 1276 seu
931 1244 1037 1276 edicto
1063 1255 1119 1276 seu
1146 1244 1260 1277 omisit
1284 1249 1401 1287 utpote
1423 1241 1605 1286 ‘glossema
1630 1244 1829 1277 auctoribus
1854 1244 1951 1277 libris
1968 1241 2000 1276 8.
2020 1241 2072 1276 12.
2091 1242 2144 1276 14.
2166 1240 2228 1276 17³.
2275 1244 2322 1275 At

388 1291 513 1322 codicis
539 1288 570 1330 8,
597 1290 695 1322 nobis
714 1289 743 1321 L
769 1290 932 1323 librarius
958 1301 1000 1323 ea
1025 1291 1137 1323 omisit
1162 1290 1197 1322 111
1224 1291 1331 1333 spatio
1355 1301 1466 1322 vacuo
1494 1288 1542 1330 (id
1567 1290 1657 1332 quod
1681 1290 1773 1333 apud
1797 1289 2005 1323 Haenelium
2030 1300 2099 1322 non
2123 1288 2319 1330 adnotatur)

387 1341 504 1379 utpote
522 1336 587 1368 sibi
604 1337 805 1380 improbata,
825 1337 957 1369 codices
971 1337 1230 1369 Aurelianensis
1245 1335 1301 1377 (=
1314 1335 1378 1377 12),
1398 1336 1734 1379 Montispessulanus
1751 1335 1795 1368 84
1813 1335 1869 1377 (=
1882 1340 1946 1377 14),
1962 1336 2213 1368 Ottobonianus
2229 1332 2322 1367 2225

387 1381 444 1424 (=
462 1381 514 1424 17)
538 1382 689 1415 eiusdem
716 1383 842 1415 ordinis
867 1383 1074 1426 exemplaria
1098 1387 1179 1415 sunt
1204 1383 1320 1415 codice
1338 1382 1368 1414 L
1392 1383 1495 1415 etiam
1520 1382 1698 1422 deteriora,
1725 1393 1835 1425 neque
1859 1382 1929 1414 ullo
1954 1382 2052 1414 modo
2077 1383 2114 1414 in
2137 1381 2320 1414 dubitatio-

387 1440 466 1461 nem
491 1429 608 1461 vocari
640 1429 718 1461 licet
742 1429 849 1461 verba
873 1429 933 1461 illa
966 1429 1010 1462 ad
1042 1440 1113 1461 rem
1138 1429 1349 1461 iudiciariam
1375 1429 1614 1471 explicandam
1647 1430 1810 1462 momenti
1842 1440 1911 1461 non
1941 1428 2069 1471 exigui.
2095 1446 2138 1451 —-
2163 1428 2321 1468 Denique

387 1474 421 1511 2,
435 1473 489 1515 33,
503 1474 534 1515 4,
549 1473 571 1507 4
595 1475 637 1507 ad
656 1485 798 1517 poscere
822 1475 856 1507 in
882 1480 1013 1507 textum
1037 1481 1212 1518 receptum
1236 1475 1379 1507 adnotat
1396 1475 1543 1507 Haenel:
1569 1473 1613 1507 Ἣ.
1632 1473 1664 1507 7.
1682 1475 1714 1507 9.
1734 1473 1786 1507 10.
1807 1473 1860 1507 14.
1881 1472 2025 1507 15—20.
2043 1472 2087 1507 38
2104 1474 2170 1507 Til.
2181 1470 2320 1515 petere’.

388 1521 475 1553 Vere
500 1521 578 1553 libri
603 1522 721 1564 scripti
747 1532 864 1553 omnes
889 1521 952 1553 hoe
977 1521 1051 1554 loco
1077 1521 1205 1554 habent
1225 1527 1341 1563 petere
1365 1528 1610 1563 enumeratque
1635 1531 1725 1560 suos,
1752 1521 1810 1562 qui
1833 1521 1970 1563 quidem
1993 1520 2082 1552 hanc
2107 1519 2319 1553 constitutio-

388 1578 465 1599 nem
486 1567 647 1608 habeant,
674 1578 791 1599 omnes
817 1567 955 1607 (omisso
988 1567 1059 1599 solo
1085 1566 1106 1600 8
1130 1580 1172 1593 =
1195 1568 1239 1608 L)
1271 1567 1430 1610 religiose
1455 1567 1660 1606 Haenelius;
1696 1567 1755 1599 sed
1784 1567 1964 1599 lectionem
1989 1571 2161 1609 receptam
2180 1576 2321 1607 poscere

388 1614 424 1645 in
450 1613 545 1645 nullo
571 1614 696 1656 scripto
721 1613 808 1646 libro
834 1614 973 1656 reperiri
998 1614 1063 1646 nisi
1089 1614 1167 1646 data
1191 1624 1293 1657 opera
1317 1614 1377 1654 qui
1401 1613 1543 1656 inquirit
1568 1624 1611 1646 ex
1636 1613 1855 1646 adnotatione
1879 1613 1938 1645 illa
1963 1623 2032 1645 non
2056 1613 2246 1655 perspiciet.
