2501 3615
976 173 1017 177 —
1069 146 1241 187 CCCXLI
1291 171 1333 176 —

378 253 422 304 V,
443 259 530 296 1349
567 258 746 293 observare
771 277 812 282 —
842 256 1027 291 immutari
1053 271 1096 285 =
1120 255 1180 290 Br.
1199 255 1267 290 Th.
1286 254 1348 296 IV,
1368 255 1420 295 15,
1441 255 1458 289 1
1485 252 1551 289 int.
1577 253 1599 287 2
1624 251 1691 288 int.

378 319 420 361 V,
444 319 531 354 1350
566 327 620 351 res
644 316 824 350 iudicatae
847 336 889 341 —
916 315 1051 349 dantur
1077 330 1119 343 =
1145 314 1204 348 Br.
1223 313 1327 348 Paul.
1346 313 1389 353 V,
1408 314 1439 355 5,
1461 315 1477 347 1
1504 313 1543 347 in
1568 325 1622 358 pr.

567 375 608 408 in
632 385 670 409 re
690 374 908 418 pecuniaria
932 393 976 398 —-
1002 373 1229 417 eaeplicantur
1254 387 1296 400 =
1321 371 1379 405 Br.
1400 370 1502 405 Paul.
1522 370 1565 412 V,
1586 371 1636 413 17,
1656 371 1688 405 6.

567 436 607 466 ut
631 432 694 476 qni
714 442 783 476 per
807 431 1028 466 calumniam
1055 450 1095 455 —
1122 429 1401 464 calumniatores
1427 444 1468 458 =
1494 428 1553 464 Br.
1573 428 1677 463 Paul.
1698 427 1740 469 V,
1760 428 1792 471 4,
1815 429 1851 462 11
1880 427 1916 461 in
1944 439 1997 472 pr.

305 513 581 559 Extemporalis
606 512 812 548 admonitio
838 512 886 547 ad
910 523 1052 556 regem:

188 583 356 619 Harduin
381 583 424 624 V,
449 584 534 618 1356
571 594 617 617 ne
642 583 720 627 quis
745 581 876 616 audeat
903 601 944 605 -
971 580 1114 623 definiri
1139 595 1180 608 =
1208 579 1265 613 ΒΓ.
1288 578 1354 612 Th.
1375 577 1473 619 XVI,
1496 580 1522 618 l,
1541 578 1562 612 2
1587 577 1653 613 int.

687 693 738 727 Ex
764 692 859 727 libro
886 690 1030 727 decimo
1055 692 1158 725 sexto
1185 688 1436 725 Theodosiani
1461 688 1629 735 genuini:

305 763 358 799 De
385 762 728 809 praedestinatione
755 761 815 797 dei
841 763 879 796 et
904 760 1023 795 libero
1049 759 1226 795 arbitrio:

190 833 294 868 Sirm.
318 834 345 874 Ι,
363 834 431 868 336
456 833 480 868 i.
498 832 522 867 f.
555 831 764 876 pone-ndum
789 835 838 866 est
863 833 933 866 ete.
960 830 1022 865 cfr.
1050 830 1118 865 Th.
1139 830 1234 871 XVI,
1256 831 1285 871 1,
1305 831 1336 863 2.

318 891 344 934 Ι,
364 891 429 925 337
469 891 695 935 imperatores
717 889 994 924 Valentinianus
1019 908 1062 913 —
1086 890 1290 922 coerceatur
1316 902 1358 916 Ξ
1385 886 1453 921 Th.
1472 885 1567 927 XVI,
1585 886 1617 929 4,
1635 887 1667 921 2.

468 949 700 991 Imperatores
723 946 929 981 Gratianus
954 967 997 971 —
1022 945 1144 980 turbae
1172 961 1213 974 =
1239 945 1304 979 Th.
1325 943 1423 986 XVI,
1443 946 1472 986 τ’),
1493 947 1513 978 6
1538 944 1578 978 in
1603 957 1657 989 pr.

466 1007 559 1041 circa
583 1005 643 1040 hos
668 1009 785 1039 autem
811 1025 852 1030 —
878 1007 1101 1038 macerentur
1127 1019 1168 1032 =
1194 1003 1236 1037 fr.
1255 1003 1322 1038 Th.
1344 1002 1440 1043 XVI,
1459 1004 1490 1044 5,
1509 1003 1564 1037 62.

464 1064 650 1108 privilegia
677 1074 770 1108 quae
795 1083 839 1088 —-
864 1063 978 1097 subici
1004 1077 1046 1090 z
1073 1062 1141 1096 Th.
1160 1061 1258 1105 XVI,
1278 1063 1308 1103 5,
1331 1063 1358 1095 l.

467 1121 509 1156 de
533 1120 720 1156 haereticis
746 1140 787 1145 ——
813 1120 959 1154 obnoaeii
985 1135 1026 1148 =
1053 1119 1121 1153 Th.
1139 1118 1237 1160 XVI,
1256 1121 1287 1160 5,
1307 1120 1361 1153 60.

308 1201 538 1248 Opusculum
564 1201 684 1236 XXIX
711 1201 759 1236 ad
784 1200 958 1236 Carolum
984 1200 1141 1235 Calvum
1166 1211 1307 1246 regem:

192 1272 297 1308 Sirm.
324 1272 370 1311 ΙΙ,
388 1273 455 1306 318
480 1275 518 1307 et
543 1272 610 1306 319
646 1272 749 1305 inccta
775 1272 991 1306 sanctionem
1018 1292 1059 1295 —
1083 1270 1285 1314 caudebitis
1311 1285 1353 1299 =
1380 1270 1448 1305 Th.
1468 1270 1564 1313 XVI,
1584 1270 1615 1305 2.
1633 1270 1654 1303 8
1680 1269 1718 1303 in
1744 1281 1798 1314 pr.

322 1330 369 1370 11,
388 1330 455 1364 319
490 1330 531 1363 in
555 1329 705 1372 qualibet
733 1349 774 1354 —
800 1329 971 1363 contineri
997 1344 1039 1357 =
1066 1328 1134 1363 Th.
1153 1328 1250 1370 XVI,
1270 1329 1301 1370 2,
1325 1329 1375 1363 16.

490 1387 675 1421 universos
703 1407 743 1411 —-
771 1386 994 1421 decernimus
1020 1403 1062 1415 =
1090 1386 1158 1422 Th.
1178 1386 1274 1429 XVI,
1294 1388 1325 1427 2,
1344 1388 1387 1421 26
1413 1386 1452 1421 iu
1478 1399 1533 1432 pr.

491 1455 720 1489 quaecunque
750 1466 787 1470 —
813 1446 996 1480 immutari
1022 1461 1065 1474 Ξ
1093 1445 1161 1480 Th.
1180 1445 1277 1486 XVI,
1296 1446 1327 1487 2,
1346 1446 1400 1479 29.

492 1513 569 1536 non
593 1506 666 1536 tam
689 1514 821 1537 novum
847 1525 893 1530 —
912 1504 1162 1548 perfruantur
1189 1519 1230 1532 =
1258 1503 1325 1537 Th.
1346 1502 1444 1541 XVI,
1463 1504 1494 1544 2,
1517 1503 1571 1536 30.

493 1561 524 1595 si
549 1562 628 1605 quis
654 1562 691 1594 in
714 1561 779 1596 hoc
800 1572 918 1605 „qenus
942 1582 985 1586 —
1013 1562 1168 1596 eradant
1195 1577 1237 1590 z
1264 1561 1332 1595 Th.
1351 1560 1449 1601 XVI,
1467 1561 1499 1602 2,
1519 1561 1572 1595 31.

325 1619 371 1660 11,
389 1619 458 1653 320
493 1619 524 1653 si
550 1620 707 1653 ecclesiae
733 1639 771 1643 -
794 1620 972 1663 plectatur
999 1635 1041 1648 -τ
1068 1619 1136 1654 Th.
1157 1618 1255 1661 XVI,
1273 1619 1305 1660 2,
1325 1619 1369 1652 34
1394 1617 1432 1652 in
1458 1630 1512 1663 pr.

324 1676 370 1715 II,
389 1677 456 1710 326
491 1677 633 1710 clericos
659 1697 699 1701 —
727 1676 826 1710 licere
852 1692 894 1705 =
921 1676 989 1711 Th.
1008 1676 1105 1718 XVI,
1124 1678 1155 1717 ⁴2,
1175 1677 1218 1710 41
1246 1687 1361 1719 usque
1387 1674 1542 1711 ‘licere'.

325 1733 370 1775 ΙΙ,
390 1734 455 1767 327
489 1734 680 1778 privilegia
707 1754 747 1758 —
774 1733 922 1768 arbitrio
947 1749 990 1762 =
1017 1734 1085 1768 Th.
1105 1734 1201 1770 XVI.
1221 1735 1252 1774 2,
1271 1735 1324 1768 47.

326 1791 372 1834 II,
392 1792 460 1826 328
493 1792 685 1837 privileyia
710 1812 753 1816 ——
777 1791 1039 1826 incommodum
1064 1807 1107 1821 =
1134 1792 1202 1827 Th.
1221 1791 1318 1835 XVI,
1337 1792 1368 1833 2,
1388 1792 1442 1826 38.

311 1871 542 1917 Opusculum
567 1872 687 1907 XLIII
715 1872 838 1908 Caroli
866 1873 972 1908 Calvi
997 1873 1096 1919 regis
1120 1873 1268 1909 nomine
1294 1874 1342 1908 ad
1366 1873 1597 1908 Hadrianum
1623 1884 1778 1918 papam:

195 1942 300 1978 Sirm.
326 1942 372 1984 ΙΙ,
392 1943 459 1976 710
495 1945 536 1976 ut
560 1943 762 1987 quicunque
786 1943 1026 1979 residentibus
1050 1964 1095 1969 —
1119 1943 1294 1978 'iudicium
1319 1959 1362 1973 =
1389 1943 1456 1978 Th.
1476 1943 1573 1985 XVI,
1594 1944 1625 1985 2,
1643 1943 1698 1977 35.

313 2022 544 2067 opuseulum
571 2023 725 2059 XLVIII
750 2024 795 2060 de
822 2025 1050 2070 presbyteris
1076 2024 1299 2060 criminosis:

197 2092 302 2128 Sirm.
329 2094 375 2137 ΙΙ,
395 2094 462 2129 785
497 2093 637 2128 clericos
662 2114 704 2118 —
730 2094 862 2137 inferre
888 2111 930 2124 =
958 2095 1025 2130 Th.
1045 2095 1143 2137 XVI,
1162 2096 1194 2139 2,
1212 2097 1254 2129 41
1282 2106 1398 2139 usque
1423 2093 1600 2128 ‘inferre'.

314 2173 506 2209 Hincmari
532 2174 695 2220 epistola
720 2175 768 2210 ad
794 2175 966 2211 Carolum
991 2189 1134 2223 regem:

198 2242 367 2278 Harduin
392 2243 436 2286 V,
456 2244 543 2278 1357
582 2245 730 2279 scientes
754 2265 795 2269 —
822 2246 994 2279 contineri
1019 2261 1062 2275 =
1089 2246 1157 2280 Th.
1178 2245 1275 2288 XVI,
1294 2247 1326 2289 2,
1346 2246 1389 2279 16
1414 2244 1452 2279 in
1477 2244 1558 2278 fine.

577 2302 715 2336 clericos
739 2322 784 2327 —
808 2303 958 2337 arbitrio
984 2319 1026 2332 =
1053 2303 1122 2339 Th.
1142 2303 1239 2347 XVI,
1257 2304 1289 2347 2,
1307 2303 1351 2337 47
1378 2302 1416 2336 in
1441 2302 1522 2337 fine.

921 2412 974 2446 Ex
999 2412 1166 2457 epitoma
1192 2412 1416 2458 Aegidiana:

316 2479 367 2513 De
393 2479 736 2524 praedestinatione
763 2480 830 2516 Dei
856 2483 946 2516 etc.:

199 2547 306 2583 Sirm.
333 2548 360 2590 Ι,
379 2549 447 2583 323
482 2550 641 2584 convinci
666 2571 707 2575 —
734 2551 913 2595 scriptura
940 2567 982 2580 z
1009 2551 1075 2597 Ep.
1093 2553 1183 2598 Aeg.
1205 2552 1306 2587 Paul.
1325 2551 1368 2594 V,
1387 2553 1418 2593 5,
1438 2553 1468 2586 3.

806 2663 859 2697 Ex
886 2663 1219 2698 constitutionibus
1245 2661 1531 2698 Sirmondianis:

316 2706 546 2753 Opusculum
571 2708 710 2743 XXIX:

202 2775 308 2811 Sirm.
336 2777 382 2820 ΙΙ,
400 2778 468 2813 325
493 2779 531 2812 et
555 2778 623 2812 326
659 2778 838 2812 continua
866 2799 906 2803 -
933 2790 1014 2813 cum
1039 2779 1167 2823 leyibas
1193 2795 1234 2808 z
1261 2779 1302 2813 fr.
1322 2782 1438 2814 const.
1457 2779 1489 2813 3.

320 2855 548 2901 Opusculum
575 2858 709 2892 XLIV:

204 2936 234 2960 c.
252 2925 297 2959 35
322 2925 493 2967 Sirm.11‚
514 2927 580 2961 710
616 2927 746 2962 habent
772 2948 812 2953 ——
840 2928 953 2962 decidi
980 2944 1020 2957 =
1047 2928 1088 2962 fr.
1109 2929 1222 2963 const.
1241 2929 1272 2962 3.

320 3005 498 3051 Capitula
526 3008 680 3042 Herardi
705 3008 981 3054 archiepiscopi
1007 3008 1240 3050 Turonensis,
1267 3007 1331 3052 qui
1358 3019 1454 3043 anno
1479 3008 1547 3042 870
1573 3007 1678 3050 obiit,
1706 3008 1926 3053 praesertim
1953 3020 1996 3044 ex
2022 3009 2137 3044 Bene·
2198 3009 2360 3053 capitula

205 3063 307 3099 dicto
325 3063 480 3100 Levitae
507 3065 782 3110 capitularibus
807 3066 1015 3111 composita
1040 3066 1112 3101 hac
1138 3066 1201 3100 via
1226 3065 1423 3100 nonnullos
1440 3065 1624 3101 Breviarii
1650 3066 1750 3101 locos
1774 3065 1930 3101 insertos
1955 3066 2138 3110 habenas>
2201 3057 2360 3089 Herm-di

2172 3103 2390 3136 Turonensis.

252 3156 283 3180 c.
301 3145 347 3180 80
371 3145 435 3181 cfr.
461 3146 549 3182 Ben.
568 3146 653 3182 LeV.
673 3147 736 3188 111,
756 3149 823 3181 ‘2553
851 3163 892 3175 r-
919 3147 977 3182 Br.
998 3147 1065 3182 Th.
1086 3147 1147 3189 IX,
1172 3149 1197 3188 Ι,
1216 3148 1236 3182 6
1261 3146 1328 3182 int.

252 3215 282 3238 e.
301 3204 346 3238 84
390 3231 403 3246 ,,
498 3233 511 3247 „
599 3233 614 3248 „
671 3205 735 3247 ΙΙΙ,
753 3206 819 3239 357
848 3221 889 3234 =
933 3234 948 3249 „
992 3204 1097 3239 Paul.
1118 3204 1160 3246 V,
1179 3206 1233 3247 37,
1254 3206 1269 3238 1
1298 3204 1364 3238 int.
1392 3203 1429 3238 in
1455 3216 1509 3249 pr.
1536 3203 1681 3248 aliquot
1707 3203 1829 3239 verbis
1854 3203 2006 3239 omissis.

252 3272 282 3296 c.
303 3262 369 3296 104
391 3289 404 3304 „
496 3291 511 3306 ,‚
600 3291 615 3306 ,‚
672 3263 736 3304 III,
755 3264 823 3298 436
850 3279 892 3291 =
937 3290 951 3306 „
997 3263 1064 3297 Th.
1087 3262 1148 3303 IX,
1171 3264 1199 3305 1,
1220 3264 1257 3297 11
1287 3262 1433 3306 aliquot
1459 3261 1580 3298 verbis
1604 3262 1771 3297 mutatis.

325 3380 350 3422 ¹)
376 3381 427 3413 ed.
453 3381 581 3424 Migne,
606 3383 679 3414 Pat.
706 3382 762 3414 lat.
782 3382 892 3414 CXXI
918 3393 949 3424 p.
970 3380 1036 3414 763
1049 3393 1098 3423 sq.
1148 3382 1208 3413 cfr.
1236 3381 1489 3423 VVerminghoff
1510 3381 1581 3412 NA.
1609 3380 1731 3421 XXVI,
1750 3378 1828 3411 623.
