2501 3615
1053 106 1303 143 -XV-

279 208 497 245 EDICTVM
611 207 896 244 GREGORIAN
903 209 958 245 VS
1098 209 1410 246 THEODOSIAN
1415 210 1471 246 VS
1706 210 2023 247 IVSTINIANVS

779 288 1108 325 THEODOSIANI
1139 291 1281 326 LIBER
1313 290 1573 326 SECVNDVS.

215 357 321 393 II:de
330 357 556 403 ipsiusprae-
573 358 576 416 i
592 357 682 392 Just.
697 356 727 398 3,
744 357 795 399 11,
814 358 901 392 1-3
1030 362 1045 395 1
1074 361 1117 395 de
1135 360 1225 396 iuris
1243 360 1405 397 dictione
1430 363 1467 397 et
1489 361 1553 397 ubi
1571 360 1574 405 Ι
1589 362 1620 403 3,
1638 360 1680 396 13
1706 361 1749 396 de
1775 359 1865 395 iuris
1884 359 2046 396 dictione
2065 372 2136 396 om-

261 414 352 451 toris
391 414 556 450 iurisdic—
1073 417 1155 462 quis
1181 417 1368 454 conveniri
1394 418 1530 454 debeat
1569 411 1571 424 ¹
1657 417 1742 452 nino
1760 417 1922 452 iudicum
1942 420 1980 453 et
1999 418 2042 452 de
2060 418 2137 453 foro

261 471 362 508 tione
1569 524 1571 526 Ι
1659 473 1872 520 conpetenti

1026 533 1047 567 2
1072 543 1117 566 ne
1150 531 1188 566 in
1221 543 1287 567 sua
1322 544 1434 569 causa
1470 530 1656 578 quisJ3,5
1682 546 1725 560 =

571 558 575 627 Ι
1073 588 1212 623 iudicet
1568 581 1571 628 1

1025 645 1046 680 3
1071 645 1115 680 de
1141 644 1276 679 omissa
1301 645 1458 680 actionis
1488 646 1551 680 im-
1568 633 1570 651 ¹
1587 645 1724 686 2,57(16
1736 643 2136 693 formulisetimpetra-

1070 701 1282 746 petratione
1657 701 1756 737 tione
1774 700 1962 738 actionum
1986 704 2136 740 sublata

1024 759 1048 794 4
1071 759 1116 794 de
1164 758 1446 794 denuntiatione
1493 760 1550 795 vel

1071 814 1233 850 editione
1258 815 1431 860 rescripti

1023 874 1043 908 5
1070 872 1114 908 de
1156 871 1319 907 dominio
1364 872 1417 907 rei
1457 885 1552 917 quae
1588 871 1620 914 3,
1633 871 1678 906 40
1703 872 1746 906 de
1778 872 2007 908 consortibus
2044 873 2136 909 eius-

1069 928 1234 974 poscitur
1250 929 1308 964 vel
1324 930 1552 965 consortibus
1657 928 1738 963 dem
1763 927 1843 964 litis

1069 987 1116 1021 ab
1144 997 1186 1022 eo
1213 985 1271 1021 cui
1295 986 1553 1023 denuntiatum

1070 1043 1182 1079 fuerit
1204 1043 1435 1079 nominandis

1024 1101 1044 1135 6
1071 1100 1114 1135 de
1140 1102 1348 1145 temporum
1377 1113 1483 1136 cursu
1515 1105 1554 1138 et

1069 1156 1370 1203 reparationibus
1415 1158 1551 1194 denun-

1070 1213 1270 1250 tiationum

591 1269 679 1305 Iust.
694 1269 725 1311 3,
742 1269 793 1311 11,
811 1271 827 1306 1
1027 1272 1046 1305 7
1073 1272 1117 1307 de
1143 1270 1387 1306 dilationibus
1586 1267 1618 1308 3,
1636 1268 1675 1302 ll
1703 1284 1745 1297 =

1025 1329 1047 1363 8
1073 1329 1116 1363 (16
1141 1327 1243 1364 feriis
1587 1323 1676 1365 3,12
1702 1340 1744 1354 =

211 1384 301 1420 IIII:
320 1383 364 1419 de
376 1380 501 1428 pactis
518 1382 556 1417 et
591 1383 679 1419 Iust.
693 1383 724 1426 2,
738 1384 770 1426 3,
787 1382 918 1417 1—28.
1026 1386 1047 1421 9
1073 1383 1258 1431 depactis
1276 1386 1314 1420 et
1334 1382 1551 1419 transactio-
1587 1380 1618 1422 2,
1632 1380 1663 1415 3.
1689 1381 1711 1415 4
1736 1396 1778 1410 =

247 1437 555 1477 conventionibus
636 1440 668 1481 2,
682 1440 714 1481 4,
730 1441 746 1475 1
762 1438 853 1475 -39
1041 1475 1046 1479 ,
1071 1441 1180 1477 nibus

209 1498 280 1533 VI:
332 1497 376 1533 de
429 1498 555 1542 postu·
590 1497 679 1532 Iust.
693 1497 725 1539 2,
739 1497 876 1539 6,1-4
1005 1499 1048 1535 10
1072 1499 1117 1534 (16
1142 1497 1366 1544 postulando
1585 1494 1652 1535 2,6
1678 1510 1721 1524 =

257 1554 370 1590 lando

590 1600 680 1634 Iust.
694 1600 726 1642 2,
739 1600 894 1642 9‚1-3;
921 1600 965 1635 cf.
1005 1603 1044 1638 11
1072 1602 1116 1637 de
1141 1599 1324 1637 erroribus
1353 1599 1548 1634 advocato·
1584 1596 1650 1637 2,9
1677 1612 1719 1626 =

636 1657 668 1698 2,
685 1657 716 1701 7,
734 1657 762 1692 1.
787 1657 819 1698 2,
833 1657 865 1698 8,
882 1657 911 1691 1.
929 1656 950 1690 2
1070 1670 1151 1694 rum

209 1715 315 1750 VIII:
352 1714 398 1750 de
432 1712 554 1759 cogni·
590 1713 923 1755 1ust.2,12,1-20
1004 1717 1045 1751 12
1071 1715 1115 1751 (16
1133 1713 1386 1761 cognitoribus
1412 1715 1449 1748 et
1467 1722 1547 1756 pro·
1583 1710 1672 1752 2,12
1698 1711 1742 1746 (16
1769 1713 2067 1756 procuratoribus

258 1771 402 1808 toribus
418 1772 457 1807 et
472 1781 554 1816 pro·
1071 1771 1303 1808 curatoribus

258 1828 491 1864 curatoribus
516 1830 554 1864 et

257 1885 508 1922 defensoribus

589 1930 824 1972 1ust.2‚13,1
1003 1933 1045 1968 13
1071 1933 1115 1968 de
1152 1930 1361 1966 actionibus
1397 1929 1444 1964 ad
1482 1940 1544 1974 po·
1582 1924 1672 1966 2,13
1698 1936 1742 1961 ne
1774 1925 1887 1962 liceat
1913 1928 2128 1972 potentiori-

1070 1991 1192 2025 tentes
1216 1986 1409 2022 translatis
1651 1982 1719 2017 bus
1743 1986 1804 2017 cet.

1004 2048 1046 2082 14
1070 2047 1115 2082 de
1132 2045 1189 2080 his
1207 2043 1271 2088 qui
1296 2042 1547 2089 potentiorum
1582 2039 1673 2080 2,14
1699 2039 1742 2074 de
1767 2039 1825 2073 his
1851 2038 1915 2084 qui
1945 2040 2127 2084 potentio-

1070 2102 1219 2138 nomina
1236 2101 1274 2136 in
1291 2100 1358 2136 lite
1380 2102 1546 2144 praeten-
1650 2107 1729 2130 rum
1754 2095 1900 2131 nomine
1924 2099 1983 2130 cet.

1071 2160 1162 2195 dunt
1194 2158 1252 2193 vel
1284 2157 1414 2192 titulos
1444 2167 1546 2201 prae-

1071 2216 1141 2252 diis
1166 2215 1334 2260 adfigunt

211 2273 338 2316 10,40:
384 2274 429 2310 de
469 2273 553 2309 dolo
589 2272 678 2308 Iust.
693 2273 725 2314 2,
739 2272 793 2314 20,
810 2272 896 2307 1—7
1004 2275 1045 2310 15
1071 2273 1115 2308 (16
1141 2272 1224 2307 dolo
1249 2271 1347 2306 malo
1582 2270 1613 2311 2,
1627 2270 1671 2305 20
1697 2286 1739 2300 =

209 2330 552 2434 Xffgzlizinoegmm
590 2387 678 2422 Iust.
691 2386 723 2428 2,
737 2385 792 2428 21,
808 2386 896 2421 1-7
1004 2388 1045 2424 16
1070 2388 1113 2422 de
1139 2384 1275 2432 integri
1300 2382 1536 2418 restitutione
1582 2381 1668 2424 2,21
1697 2398 1738 2412 =

251 2443 553 2480 restitutionibus

211 2500 552 2542 10,41:deminori-
588 2500 676 2536 Iust.
691 2500 722 2542 2,
736 2500 824 2541 44‚1
1003 2501 1044 2536 17
1071 2500 1115 2535 (16
1132 2499 1192 2534 his
1205 2497 1270 2543 qui
1285 2495 1431 2531 veniam
1448 2497 1546 2531 aeta-
1581 2495 1672 2539 2,44
1698 2511 1740 2525 =

254 2558 324 2594 bus
335 2557 551 2594 XXVannis
1069 2556 1119 2591 tis
1144 2555 1438 2600 impetraverunt

209 2614 390 2651 xmlzde
403 2614 551 2651 iudiciis
588 2613 722 2656 Iust.3‚
740 2614 768 2655 1,
785 2614 872 2648 1-7
1002 2613 1044 2650 18
1071 2613 1114 2648 (16
1140 2610 1287 2647 iudiciis
1582 2608 1646 2650 3,1
1674 2623 1716 2638 =

163 2716 166 2718 v
255 2671 425 2708 omnibus

209 2729 254 2765 cf.
279 2729 393 2766 Lenel
418 2741 453 2775 p.
471 2730 532 2765 111
589 2727 677 2763 Iust.
695 2728 727 2770 3,
745 2727 799 2770 28,
817 2728 941 2762 1—24
1001 2727 1042 2762 19
1068 2727 1113 2762 (16
1173 2724 1374 2760 inofficioso
1434 2726 1545 2759 testa·
1583 2723 1614 2764 3,
1631 2722 1674 2756 28
1701 2737 1742 2751 =

1067 2784 1191 2818 mento

587 2841 675 2876 Iust.
689 2840 721 2883 3,
735 2839 789 2882 29,
807 2840 894 2874 1-8
998 2840 1042 2876 20
1067 2840 1112 2876 de
1137 2837 1350 2874 inofficiosis
1382 2838 1545 2874 donatio·
1581 2836 1611 2878 3,
1627 2836 1669 2871 29
1696 2851 1739 2865 =

1066 2895 1176 2931 nibus

998 2953 1040 2987 21
1067 2952 1112 2988 de
1137 2950 1349 2986 inofficiosis
1373 2950 1522 2986 dotibus
1580 2950 1611 2991 3,
1626 2949 1670 2984 30

587 3013 676 3048 lust.
691 3011 723 3054 3,
739 3011 792 3053 31,
810 3011 921 3046 1-10
999 3009 1043 3044 22
1069 3008 1112 3044 de
1126 3007 1347 3044 hereditatis
1362 3007 1542 3053 petitione
1580 3006 1611 3048 3,
1625 3006 1666 3040 31

1695 3020 1737 3035 u
1695 2965 1737 2979 ΙΙ

209 3015 262 3056 15,
277 3013 336 3048 65;
360 3013 393 3048 si
408 3012 550 3049 heredi-

253 3072 314 3106 tas
336 3071 490 3116 petatur

209 3127 262 3170 15,
274 3127 336 3164 69:
351 3127 396 3164 de
407 3126 462 3163 rei
474 3126 550 3162 vin-

254 3183 444 3221 dicatione

209 3240 263 3284 15,
275 3240 338 3277 8οε
383 3240 551 3278 familiae

255 3297 493 3334 erciscundae

1695 3134 1737 3149 ΙΙ

585 3126 674 3161 Iust.
689 3124 720 3167 3,
735 3125 790 3166 32,
807 3124 917 3160 1-28
999 3123 1043 3158 23
1069 3123 1113 3158 (16
1137 3121 1191 3158 rei
1216 3121 1465 3157 vindicatione
1581 3120 1612 3162 3,
1626 3120 1669 3155 32

586 3241 675 3276 Iust.
689 3240 720 3282 3,
733 3240 916 3282 36,1-25
999 3238 1043 3272 24
1068 3237 1112 3272 de
1140 3235 1304 3273 familiae
1339 3235 1545 3273 herciscun-
1581 3234 1612 3276 3,
1627 3234 1671 3269 36
1696 3248 1739 3263 =

656 3307 659 3309 ·
1066 3295 1135 3330 dae
