2501 3615
987 150 1252 186 —CXI—

293 258 323 294 2
343 255 521 295 15.1*13
546 254 680 299 naisso]
707 252 849 289 necisso
875 274 917 278 —-
945 254 1066 289 nulsso
1092 274 1134 279 -
1160 253 1257 288 nisso

291 315 322 353 2,
336 314 393 353 33,
411 313 439 351 1
454 313 474 346 7
546 314 617 356 ppt
642 322 753 346 causa
778 324 890 347 rauca
916 332 957 337 -
986 317 1062 357 pff
1088 313 1132 357 pf
1153 324 1323 347 cere-area
1349 332 1390 336 —
1418 323 1545 356 propo.
1576 323 1747 348 cerearca-

290 371 367 412 9,1,
387 371 437 408 12
455 371 469 404 l
544 368 717 413 laodicio]
745 368 911 404 laudatio
937 389 978 394 —
1004 369 1126 405 eladio
1155 389 1195 395 -—
1221 369 1369 405 claudio

431 428 472 462 16
544 426 728 471 carnunti]
756 427 948 462 carnuntio
974 447 1013 452 —
1043 426 1226 462 carnuntii
1255 447 1296 451 —
1323 427 1495 462 caruucio

290 487 322 526 9,
338 485 369 526 3,
383 486 450 523 3.4
545 483 741 529 acindyno]
769 483 937 519 decentio
965 488 1013 528 [Ἧι
1039 503 1084 508 -
1110 484 1264 529 cynegio
1293 504 1333 508 —
1364 484 1514 520 arcadio

243 571 446 616 Pleraeque
465 569 643 605 lectiones
669 581 751 604 euin
771 570 971 615 procedant
999 569 1128 610 nudae,
1155 569 1283 604 multis
1311 570 1573 606 adscribuntur
1591 570 1742 611 numeri,
1770 570 1914 607 scilicet
1939 571 1969 613 (1
1997 583 2076 606 nus-

244 631 369 674 quam)
394 628 415 662 2
438 627 586 673 passim,
613 628 634 662 3
659 627 749 663 item
775 626 923 672 passim.
950 626 1013 661 ubi
1039 626 1165 672 agitur
1185 627 1229 661 de
1256 627 1559 672 inscriptionibus
1579 628 1637 663 vel
1664 627 2000 672 subscriptionibus
2018 628 2076 663 vel

244 684 617 731 interpretationibus
645 685 702 720 vel
729 685 772 720 de
799 683 1128 719 constitutionibus
1154 683 1464 729 interpretatione
1492 685 1722 727 carentibus,
1749 685 1797 720 ad
1822 687 1965 722 textum
1993 697 2076 720 vero

242 755 324 778 raro
350 743 498 785 (1.34,3
525 761 567 766 —-
592 743 622 779 4,
640 743 706 777 4.5
731 761 777 766 —
804 742 924 782 11,26,
941 742 962 776 2
987 761 1029 766 —-
1058 741 1246 785 13,10,5),
1279 742 1301 776 4
1327 741 1416 777 item
1447 743 1661 787 frequenter
1692 754 1811 787 neque
1843 744 1968 778 tamen
1999 742 2076 777 ullo

243 800 324 836 loco
349 801 397 835 ad
423 801 580 836 textum.
614 801 634 833 5
660 801 695 835 et
723 799 744 834 6
769 799 816 834 ad
841 801 985 834 textum
1011 810 1209 842 nusquam,
1236 799 1282 833 ad
1308 799 1452 844 reliqua
1477 811 1575 840 raro;
1607 800 1707 836 ultra
1732 799 1874 836 numeri
1899 811 1971 835 non
1997 812 2076 845 pro-

243 858 388 893 cedunt.
436 857 621 898 Quattuor
646 856 791 892 codices
817 855 1050 901 potissimum
1077 855 1267 891 adhibitos
1295 868 1372 892 esse
1400 856 1483 893 inde
1509 856 1679 898 efficitur,
1705 857 1803 901 quod
1828 858 1875 892 ad
1901 857 2076 892 constitu-

241 914 361 950 tiones
384 916 416 955 4,
434 914 466 954 8,
485 915 506 950 8
531 916 799 959 sequentesque
824 925 901 955 ρας,
928 925 1020 957 quas
1046 913 1219 948 Cuiacius
1247 912 1365 949 edidit
1392 925 1435 948 ex
1462 913 1587 949 codice
1613 914 1722 949 hodie
1742 914 1825 949 Vat.
1851 925 1927 960 reg.
1946 915 2013 949 520
2039 913 2076 948 in

242 970 432 1006 Breviario
459 969 688 1011 deficientes,
718 970 910 1015 adscripta
934 973 1019 1006 sunt
1044 970 1153 1006 haec:
1183 969 1351 1012 ‘(deszmt)
1375 971 1416 1004 in
1443 971 1640 1014 vet(eribus)
1664 970 1707 1014 4¹,
1738 970 1825 1006 item
1858 971 1905 1006 ad
1932 971 2075 1006 addita-

241 1031 404 1064 mentum
430 1026 750 1073 interpretationis
775 1028 807 1069 4,
821 1027 853 1068 8,
869 1028 888 1061 7
912 1027 944 1062 si
966 1028 1045 1071 quis
1069 1028 1111 1061 in
1135 1028 1289 1062 libertate
1314 1055 1321 1062 .
1339 1053 1346 1061 .
1366 1055 1373 1061 .
1400 1027 1495 1062 vadit
1518 1028 1615 1074 oriqo
1640 1028 1856 1064 adnotatur:
1881 1028 1978 1063 ‘haec
2001 1039 2076 1063 mm

239 1089 324 1120 sunt
348 1086 387 1120 in
403 1091 423 1121 5
448 1085 609 1130 [videtur
632 1096 722 1120 corr.
741 1096 785 1120 ex
805 1085 840 1130 4]
864 1084 1057 1120 codicibus:
1084 1085 1218 1120 videtur
1242 1085 1484 1129 interpretatio
1509 1085 1663 1120 alicuius
1687 1086 1772 1130 leyis
1792 1097 1882 1130 quae
1898 1085 2074 1121 desidera-

239 1141 319 1177 tur'.
367 1143 425 1177 Ad
454 1141 653 1178 lectionem
676 1142 912 1177 cancellarius
935 1143 1082 1184 9,19,1,
1101 1143 1143 1178 14
1168 1143 1384 1178 adnotatur:
1417 1146 1466 1178 est
1494 1143 1534 1178 in
1564 1154 1650 1178 uno.
1699 1145 1831 1188 Itaque
1857 1144 1883 1178 F
1887 1143 2075 1179 ranciscus

239 1199 418 1236 Pithoeus
443 1199 590 1236 codices
615 1211 699 1235 suos
724 1199 780 1235 ita
807 1200 983 1243 contulit,
1016 1203 1058 1236 ut
1085 1212 1146 1236 eos
1179 1213 1250 1236 non
1277 1200 1500 1243 nominaret,
1532 1201 1596 1237 sed
1628 1201 1676 1236 ad
1705 1200 1871 1247 singulas
1897 1201 2075 1238 lectiones

238 1260 459 1293 numeraret.
508 1256 693 1292 Adhibuit
717 1257 919 1293 secundum
944 1258 1051 1293 modo
1077 1257 1179 1294 dicta
1204 1258 1386 1294 Breviarii
1415 1257 1560 1294 codices
1590 1270 1662 1293 non
1687 1258 1808 1294 minus
1839 1270 1918 1300 sex,
1949 1258 1988 1293 in
2018 1258 2075 1293 his

240 1314 422 1351 Breviarii
447 1313 550 1360 pleni
575 1325 647 1349 non
670 1314 791 1350 minus
816 1317 890 1350 tres
917 1327 1051 1360 eosque
1077 1328 1099 1351 a
1124 1315 1312 1361 principio
1338 1315 1504 1362 integros
1523 1316 1581 1352 vel
1608 1318 1708 1352 certe
1733 1316 1914 1352 habentes
1938 1315 2074 1351 librum

238 1372 414 1418 primum;
440 1383 614 1408 numerus
634 1374 760 1407 tamen
778 1372 1032 1408 adhibitorum
1049 1373 1244 1418 quominus
1262 1373 1379 1409 maior
1396 1373 1518 1416 fuerit,
1544 1373 1639 1408 nihil
1664 1372 1833 1418 impedit.
1852 1393 1895 1398 -
1912 1372 2074 1408 Huiusce

238 1429 439 1475 farraginis
463 1432 506 1464 ut
531 1428 648 1465 editio
673 1429 766 1466 haec
792 1429 958 1475 aliquam
983 1430 1185 1477 imaginem
1210 1433 1516 1476 repraesentaret,
1547 1430 1746 1467 laterculos
1770 1430 1942 1466 subiunxi
1969 1431 2068 1471 duos

236 1498 390 1531 quorum
408 1484 509 1531 prior
523 1485 705 1522 lectiones
722 1485 949 1523 Pithoeanas
967 1487 1247 1533 comprehendit
1269 1488 1466 1524 redeuntes
1483 1488 1521 1523 in
1539 1487 1646 1523 libris
1663 1487 1809 1529 nostrisy
1835 1487 2017 1534 posterior
2034 1487 2072 1522 in

236 1542 282 1578 iis
306 1554 379 1579 non
403 1543 585 1579 inventas.
635 1543 835 1579 Praeterea
860 1543 1039 1580 lectiones
1064 1544 1292 1581 Pithoeanas
1318 1545 1356 1580 in
1382 1547 1608 1591 apparatum
1631 1545 1764 1581 rettuli
1788 1546 1835 1580 ad
1860 1545 1997 1580 librum
2021 1545 2071 1579 IX

236 1612 379 1643 omnes,
413 1601 461 1636 ad
493 1600 608 1637 libros
634 1600 696 1636 VI.
721 1601 801 1636 VII.
825 1602 975 1637 X—XV
1007 1603 1110 1647 (XVI
1144 1603 1269 1639 deficit
1304 1603 1341 1638 in
1374 1605 1575 1649 apparatu)
1611 1603 1786 1644 selectas3
1823 1603 1871 1638 ad
1901 1601 2016 1638 libros
2039 1602 2071 1636 V

233 1657 375 1704 priores
403 1658 579 1704 quoniam
609 1658 648 1694 id
678 1658 756 1694 fieri
787 1671 859 1695 non
885 1659 1025 1705 potuit,
1057 1660 1094 1695 in
1119 1661 1311 1697 laterculis
1337 1661 1478 1696 duobus
1503 1672 1629 1696 earum
1654 1660 1860 1697 uberiorem
1887 1660 2071 1696 delectum

237 1715 333 1758 dedi,
359 1716 407 1752 ad
432 1718 575 1752 textum
593 1715 828 1762 potissimum
845 1717 1042 1754 attendens
1066 1717 1385 1764 interpretatione,
1412 1718 1458 1753 ad
1477 1730 1589 1762 quam
1614 1720 1724 1753 notae
1751 1717 1962 1763 adscriptae
1987 1719 2072 1752 sunt

237 1773 357 1810 multo
381 1773 584 1815 uberiores,
616 1774 833 1820 plerumque
859 1776 1131 1821 praetermissa.
1159 1797 1201 1802 —
1226 1777 1269 1811 In
1295 1776 1419 1812 codiee
1447 1788 1541 1822 quae
1573 1776 1748 1813 inductae
1779 1779 1865 1812 sunt
1894 1775 2072 1812 lectiones

239 1830 462 1867 exhibentur
486 1830 585 1868 intra
610 1843 722 1867 uncos
747 1833 959 1877 quadratos.

285 1917 313 1958 1,
331 1917 360 1958 1,
377 1918 405 1959 1,
420 1918 441 1952 2
512 1917 762 1963 deprehensae
787 1924 808 1953 2
1407 1932 1487 1956 eum
1512 1921 1599 1956 brev.
1619 1919 1796 1965 plerisque

284 1976 312 2016 1,
330 1975 358 2016 l,
372 1976 404 2017 2,
418 1976 439 2009 2
510 1987 710 2021 perpensas
738 1980 759 2010 2
1410 1990 1488 2013 cum
1513 1978 1620 2013 ,ΝΛΞ

284 2033 312 2074 1,
327 2032 439 2076 3,1,2
509 2032 656 2078 nostris]
695 2033 924 2069 dominorum
956 2041 978 2070 4
1020 2035 1282 2081 interpretatio
1317 2041 1337 2070 2

555 2091 620 2133 (sie
634 2091 791 2135 intelleqe
805 2091 1031 2128 dominorum
1049 2093 1253 2128 vocabulum
1267 2104 1339 2128 esse

556 2147 595 2181 in
618 2147 910 2193 interpretatione
933 2150 1090 2185 secunda
1097 2164 1108 2194 ;
1134 2150 1227 2186 duas
1242 2151 1336 2185 enim

557 2205 660 2240 habet
675 2206 782 2242 editio
799 2208 997 2243 Oaiaciana
1013 2210 1170 2244 secunda
1186 2210 1336 2244 alteram

550 2265 702 2308 petitam
735 2275 779 2299 ea:
814 2276 952 2300 summa
983 2266 1183 2310 Aeyz'diana
1218 2270 1249 2301 et
1287 2266 1335 2301 ed.

556 2319 697 2356 Ouiacii
728 2321 866 2366 priore,
902 2323 1050 2358 alteram
1087 2334 1130 2358 ex
1163 2323 1335 2358 breviario

554 2377 732 2413 adiectam
755 2378 798 2412 in
822 2378 971 2415 editione
994 2380 1160 2415 secunda.
1403 2390 1483 2414 mom
1508 2378 1675 2414 breviarii
1699 2377 1796 2412 libris
1821 2376 1982 2411 omnibus

282 2434 312 2475 l,
329 2433 380 2476 16,
398 2433 440 2469 13
510 2434 559 2469 ad
576 2435 723 2479 interpr.
742 2448 788 2472 ne
805 2436 888 2481 quis
907 2464 913 2471 .
929 2465 935 2471 .
953 2465 959 2471 .
980 2437 1106 2473 videat
1129 2440 1284 2481 veneres)
1297 2442 1318 2472 2
1410 2447 1488 2471 cum
1517 2435 1556 2470 F
1578 2439 1609 2470 et
1633 2434 1824 2470 decurtatis
1848 2433 1951 2468 Leid.
1974 2433 2068 2468 Voss.

1403 2498 1434 2529 et
1460 2492 1641 2528 Fuldensi

281 2548 311 2589 1,
325 2547 426 2590 22,1,
442 2548 461 2581 7
509 2548 616 2585 exitii
639 2550 841 2596 suppliciio
867 2551 902 2585 P
923 2551 1002 2595 (sic)
1405 2562 1485 2586 cum
1509 2551 1545 2585 A

282 2604 415 2646 1‚34‚3
510 2604 675 2641 facilitas
701 2610 723 2642 3
1404 2620 1484 2643 eum
1508 2606 1700 2642 NABPM

278 2662 311 2703 2,
327 2661 357 2703 1,
369 2662 402 2703 9,
417 2662 438 2697 5
509 2663 825 2710 constantinopoli
1404 2677 1483 2701 cam
1503 2665 1532 2700 Ο

278 2718 310 2760 2,
323 2718 356 2761 4,
373 2718 402 2761 1,
419 2719 461 2755 16
508 2719 578 2756 hoc
604 2720 637 2756 d.
655 2721 677 2756 i.
704 2722 892 2759 adiectum
917 2726 973 2759 est
1403 2735 1467 2759 om.
1492 2734 1571 2758 cum
1596 2721 1782 2758 NBGOL

276 2776 308 2819 2,
321 2776 354 2817 4,
368 2777 400 2817 5,
417 2777 460 2812 12
507 2789 574 2822 pro
598 2778 670 2814 hac
693 2791 732 2814 re
1404 2792 1483 2816 eum
1509 2779 1725 2816 NABGOL

277 2834 310 2877 2,
326 2833 379 2875 11,
395 2834 425 2876 1,
440 2835 461 2870 2
510 2846 604 2871 caes.
630 2840 651 2870 2
1401 2849 1479 2873 cum
1503 2837 1648 2873 NBGO

277 2890 310 2933 2,
326 2890 378 2932 16,
393 2890 425 2934 2,
438 2891 460 2926 3
507 2893 710 2939 propagari
1401 2907 1481 2930 cum
1505 2894 1540 2929 L

277 2948 376 2991 2,16‚
391 2948 460 2991 3‚4
507 2950 742 2986 constantino
768 2955 789 2986 2
1399 2963 1479 2986 cum
1503 2952 1622 2986 NBE

276 3006 308 3047 2,
325 3006 423 3048 17,1,
439 3006 480 3041 *2
504 3006 699 3070 legitimae
1399 3021 1477 3044 eam
1503 3007 1694 3044 NBGOE

276 3062 308 3104 2,
323 3062 377 3105 18,
393 3063 423 3105 1,
437 3063 478 3098 *2
502 3063 532 3099 ii
558 3076 599 3100 ec
1399 3077 1478 3101 cum
1498 3066 1527 3101 O

275 3120 459 3162 2,19,1,9
507 3132 539 3156 a.
565 3134 589 3157 u
1400 3134 1480 3158 cum
1504 3123 1580 3158 ΝΟ

275 3177 307 3219 2,
321 3176 377 3219 31,
393 3177 422 3219 1,
435 3178 458 3213 4
505 3178 671 3215 actoriue
1399 3191 1478 3217 cum
1501 3180 1566 3216 OL

412 3235 455 3270 *5
503 3237 710 3274 commodet
735 3249 758 3273 a
782 3237 930 3273 domino
1398 3249 1479 3274 eum
1503 3238 1615 3274 ΝΘΕ

275 3291 308 3334 2,
323 3291 378 3334 33,
393 3291 425 3335 2,
437 3293 459 3328 2
506 3304 648 3338 poenae
1399 3306 1480 3331 cum
1503 3296 1546 3331 N
1563 3297 1635 3331 solo

434 3351 458 3386 4
503 3351 554 3387 nb
578 3357 600 3397 15
1399 3364 1479 3390 cum
1504 3354 1546 3389 N
1570 3357 1603 3389 et
1626 3354 1700 3397 fere
1723 3353 1766 3388 E
