2501 3615
949 165 992 170 —
1041 143 1188 181 CCXXI
1238 163 1280 169 -

151 276 232 317 330
266 271 608 316 GALLICANO
641 271 716 314 ET
748 271 1078 315 SYMMACHO
1113 270 1308 314 CONSS.

264 392 338 424 Hoc
362 402 392 423 a.
411 391 508 423 Febr.
527 388 572 422 ⁶22
590 390 834 422 Constantinus
860 389 995 421 videtur
1020 389 1210 421 constitisse
1228 389 1434 431 Bessaparae
1459 398 1500 420 ex
1519 386 1653 419 Serdica
1681 386 1897 429 proficiscens
1917 387 1952 418 in
1969 387 2076 419 Thra-

148 449 237 482 ciam
264 448 420 490 (Seeck),
455 448 514 480 ubi
547 448 600 480 die
634 447 712 479 Mai.
734 446 772 479 11
807 446 1120 489 Constantinopolis
1151 446 1304 478 dedicata
1336 450 1386 477 est
1419 451 1453 477 et
1483 445 1527 476 ab
1559 455 1599 477 ea
1630 444 1708 476 inde
1739 444 1792 476 die
1826 443 1984 486 (primum
2011 442 2078 476 330

148 506 212 539 Iul.
234 505 290 547 16)
325 505 636 548 Constantinopolis
669 510 842 547 comparet
873 505 906 536 in
937 503 1262 546 subscriptionibus;
1296 503 1434 534 mendas
1465 502 1575 535 inesse
1606 502 1780 545 probabile
1813 506 1864 534 est
1897 502 2001 533 etiam
2034 501 2076 533 ob

148 563 236 597 alias
266 574 386 596 causas
419 563 453 595 iu
485 562 786 595 constitutionibus
817 561 1004 594 secundum
1038 560 1169 593 codices
1195 560 1442 600 anterioribus,
1475 560 1509 591 in
1535 560 1660 601 quibus
1685 559 1995 602 Constantinopolis
2028 559 2077 590 in-

149 622 287 655 venitur
319 620 362 659 (a.
380 619 464 653 315:
492 619 624 660 11,1‚1
657 637 697 641 —
729 630 759 652 a.
778 617 862 651 319:
890 617 941 658 13,
956 616 1022 657 5,3
1048 635 1092 640 —
1118 628 1150 650 a.
1165 615 1249 650 320:
1279 615 1416 658 7‚·20,3
1442 634 1483 638 —
1511 627 1542 650 a.
1560 615 1642 651 323:
1670 614 1792 658 11‚30‚
1807 616 1859 649 12.
1886 614 2077 658 12,1‚8-—

147 689 179 712 a.
199 676 282 712 326:
310 676 342 718 2,
361 675 415 711 10.
430 677 450 709 4
470 695 510 699 -
529 689 558 709 a.
573 675 656 709 329:
686 677 714 715 l,
731 676 782 716 16,
796 675 840 715 5).
874 676 1060 717 Aliquanto
1084 681 1163 707 ante
1187 675 1431 707 dedicationem
1457 676 1726 708 aedificationem
1750 675 1910 717 coepisse,
1937 676 2078 708 fortasse

148 736 281 769 devicto
299 735 433 768 Licinio
458 745 487 767 a.
507 733 620 777 3234,
647 734 800 775 adeoque
826 744 949 765 nomen
978 731 1322 774 Consaantinopolis)
1349 733 1486 775 reperiri
1513 734 1546 765 in
1573 733 1720 766 nummis
1738 733 1847 777 Crispi
1873 738 1906 765 et
1930 733 2078 766 Faustae

150 794 405 826 interfectorum
423 804 452 825 a.
468 790 535 825 3:26
553 802 759 834 quamquam
780 802 889 833 nuper
905 790 1115 823 intellectum
1134 796 1185 822 est
1205 790 1261 830 (cf.
1280 790 1388 822 Iulius
1407 791 1559 823 Maurice
1585 790 1696 823 lfa-ue
1713 790 1970 832 numismatique
1991 788 2076 823 1901

147 861 180 894 p.
200 849 265 884 177
291 861 449 894 quaeque
482 850 746 892 disputaverunt
779 849 814 880 in
843 848 918 890 eph.
938 848 1065 880 Herma
1089 848 1215 891 Preger
1239 848 1306 880 vol.
1321 846 1365 880 36
1390 859 1421 890 p.
1440 846 1516 880 336.
1548 846 1592 881 37
1617 860 1645 891 p.
1667 847 1733 881 316
1759 855 1792 881 et
1817 849 1924 881 Seeck
1948 848 2015 880 vol.
2033 846 2076 881 37

147 919 178 951 p.
200 907 297 951 155),
328 908 436 940 nihilo
460 908 575 940 minus
601 906 777 949 probabile
802 910 853 938 est
877 905 991 938 sedem
1023 916 1062 938 eo
1088 905 1353 938 Constantinum
1378 916 1446 938 non
1473 906 1688 939 transtulisse
1712 911 1791 939 ante
1822 906 2075 939 dedicationem.

146 967 197 999 Eo
221 976 311 999 anno
338 965 385 998 ibi
410 970 487 1009 post
511 975 585 997 eam
610 965 792 1007 imperator
808 963 942 996 resedit.
983 963 1143 995 Notabile
1169 967 1229 1003 est,
1256 973 1334 995 cum
1358 974 1418 1006 per
1442 974 1550 996 annos
1575 964 1813 1006 praecedentes
1838 964 1962 1007 passim
1985 964 2078 1007 leges

147 1035 254 1057 novas
285 1023 330 1056 ad
353 1024 542 1066 praefectos
566 1022 661 1055 urbis
685 1023 811 1054 Romae
837 1021 1012 1060 direxerit,
1047 1021 1126 1053 inde
1150 1031 1171 1054 a
1196 1021 1350 1053 dedicata
1376 1021 1668 1064 Constantinopoli
1693 1021 1820 1054 similes
1845 1033 1914 1054 non
1938 1021 2078 1064 reperiri

147 1082 403 1125 praefectosque
433 1090 518 1123 quos
548 1083 725 1112 enumerat
760 1077 947 1111 laterculus
978 1079 1227 1121 praefectorum
1259 1079 1337 1111 inde
1373 1089 1394 1111 a
1426 1079 1479 1111 die
1511 1076 1578 1111 329
1611 1080 1686 1111 Iun.
1714 1077 1754 1111 19
1788 1076 1925 1120 (11,30,
1942 1076 1996 1121 18)
2035 1078 2078 1111 ad

148 1143 291 1172 mortem
314 1148 425 1180 usque
451 1137 662 1180 imperatoris
686 1137 721 1169 in
746 1136 1048 1169 constitutionibus
1073 1147 1141 1168 non
1165 1136 1343 1169 nominari.

89 1240 156 1275 330
386 1250 470 1274 non.
489 1237 577 1274 Feb.
770 1236 942 1272 Serdicae
1254 1235 1456 1273 Valentino
1475 1236 1780 1273 cons.Num.idiae
1809 1238 1860 1278 16,
1874 1238 1905 1278 2,
1921 1237 1940 1270 7

88 1308 158 1344 330
387 1307 476 1342 VIII
501 1307 536 1341 k.
555 1306 664 1342 Mart.
766 1306 871 1342 Bessi
896 1306 1153 1352 [Bessaparae]
1254 1305 1487 1342 Tertulliano
1514 1318 1546 1340 ν.
1565 1318 1599 1351 p.
1619 1305 1748 1342 comiti
1805 1306 1837 1350 2,
1852 1306 1905 1348 26,
1923 1307 1940 1340 1

1297 1352 1412 1388 dioec.
1430 1351 1592 1388 Asianae

89 1411 159 1447 330
389 1410 443 1445 III
468 1410 504 1445 k.
522 1409 611 1446 Mai.
769 1431 1018 1446 ........
1249 1410 1448 1446 Valeriano
1476 1409 1605 1456 agenti
1629 1410 1727 1445 vica·
1803 1411 1834 1453 3,
1849 1411 1880 1452 5,
1895 1411 1916 1445 3

1295 1456 1390 1492 riam
1416 1458 1689 1502 praefecturam

87 1512 158 1549 330
390 1513 459 1549 XV
483 1514 518 1548 k.
538 1514 615 1549 Iun.
771 1539 1018 1549 ........
1250 1513 1508 1550 Maximiliano
1535 1513 1719 1550 consulari
1806 1515 1858 1557 15,
1872 1514 1904 1558 2,
1920 1515 1938 1548 1

1300 1572 1481 1605 aquarum

91 1616 161 1653 330
187 1616 281 1662 [317]
389 1617 459 1652 XII
484 1616 521 1652 k.
540 1617 607 1652 Iul.
770 1617 871 1653 lecta
896 1616 996 1662 apud
1021 1618 1108 1652 acta
1252 1617 1368 1654 Basso
1392 1623 1439 1663 pii
1803 1618 1835 1660 2,
1851 1617 1940 1660 26‚2

77 1684 160 1730 [330
385 1685 491 1720 XVII
515 1686 550 1720 k.
569 1686 663 1732 Aug.
766 1685 1091 1732 Constantinopoli
1250 1713 1499 1723 ........
1802 1687 1888 1722 Vat.
1905 1687 1987 1732 248]

88 1756 157 1792 330
387 1756 443 1791 III
467 1756 503 1791 k.
521 1755 606 1792 Dec.
769 1755 1094 1802 Constantinopoli
1251 1757 1413 1794 Ablabio
1439 1763 1506 1803 ppo
1806 1757 1859 1798 16,
1873 1756 1941 1797 8,2

144 1895 223 1936 331
257 1893 442 1938 BASSO
474 1894 551 1937 ET
581 1895 897 1951 ABLAVIO1)
932 1895 1127 1939 OONSS.

7 2699 154 2757 ’331

263 1975 289 2018 ¹)
314 1977 370 2010 Sic
394 1982 589 2011 constanter
614 1978 684 2011 fere
708 1977 786 2010 libri
811 1978 928 2019 nostri,
954 1979 1021 2011 nisi
1046 1979 1137 2022 quod
1162 1979 1194 2011 T
1212 1977 1258 2021 (3,
1273 1977 1328 2021 30,
1342 1978 1373 2012 4.
1399 1978 1430 2020 4,
1447 1977 1499 2020 12,
1514 1978 1549 2022 4)
1575 1978 1721 2013 Ablabio
1747 1984 1846 2013 recte.

258 2081 522 2115 Constantinum
548 2082 613 2115 hoc
637 2093 773 2125 quoque
797 2093 888 2116 anno
912 2088 1052 2126 apparet
1076 2084 1240 2117 mansisse
1266 2084 1570 2127 Constantinopoli.

86 2181 152 2218 331
384 2182 480 2228 prid.
498 2183 533 2218 k.
550 2183 660 2218 Mart.
764 2210 1014 2220 ........
1247 2185 1362 2221 Basso
1387 2192 1455 2232 ppo
1799 2184 1832 2228 4,
1847 2185 1878 2226 8,
1894 2184 1913 2218 7

87 2251 155 2287 331
385 2252 455 2287 XV
480 2252 516 2287 k.
533 2251 621 2288 Mai.
767 2251 1095 2299 Constantinopoli
1250 2254 1412 2290 Ablabio
1438 2261 1507 2301 ppo
1804 2254 1835 2297 5,
1849 2255 1880 2296 9,
1895 2255 1914 2288 1

77 2319 157 2365 [331
380 2320 475 2366 prid.
491 2321 528 2356 k.
546 2321 614 2357 Iul.
760 2321 1086 2368 Constantinopoli
1243 2323 1362 2358 ordini
1374 2322 1477 2358 civit.
1493 2323 1766 2359 Orcistanorum
1803 2323 1841 2359 C.
1858 2324 1886 2358 Ι.
1903 2323 1942 2358 L.
1962 2324 2025 2366 ΙΙΙ,
2041 2322 2142 2367 7000]

86 2388 153 2424 331
385 2389 420 2424 k.
442 2390 511 2425 Iul.
765 2391 927 2427 Treviris
945 2391 995 2437 [2³]
1248 2419 1498 2429 ........
1800 2394 1830 2434 8,
1850 2394 1877 2436 1,
1892 2393 1914 2427 2

1884 2450 1913 2484 Ι
1929 2470 1973 2475 -
2000 2450 2099 2493 226,
2114 2450 2135 2485 3

1859 2507 1911 2542 II
1929 2526 1969 2532 —
1996 2508 2028 2548 3,
2042 2508 2132 2548 30,4
2157 2526 2199 2531 —-

387 2586 422 2628 (Χ
446 2585 515 2621 ins.
531 2585 646 2630 V111)
672 2587 706 2621 k.
766 2587 832 2622 dat
835 2613 1014 2622 ......
1225 2594 1229 2612 ν
1839 2565 1913 2599 HI
1930 2584 1972 2590 -
1997 2565 2029 2606 4⁹
2043 2565 2074 2608 5,
2091 2565 2107 2598 ¹
2134 2583 2178 2588 ’-

355 2592 371 2718 s
431 2643 525 2689 Aug·
539 2643 719 2689 (UmVH)
1216 2617 1231 2711 Ι
1303 2678 1308 2684 .
1401 2679 1408 2684 .
1812 2622 1910 2657 IIII
1943 2623 1995 2664 11,
2011 2622 2065 2664 30,
2081 2622 2123 2656 16

385 2699 421 2735 k.
445 2700 546 2746 Sept.
580 2702 662 2743 (om.
687 2702 715 2736 Ι,
764 2715 827 2748 pp.
847 2702 1173 2748 Constantinopoli
1248 2682 1525 2742 umYerPffime‘
1541 2679 1624 2722 ΠΙ)
1650 2691 1729 2724 ΡΥΟ’
1877 2679 1911 2714 V
1942 2680 2064 2722 11'30’
2081 2679 2121 2713 17

355 2727 370 2835 Ι
431 2757 483 2792 IL
509 2758 584 2793 m
610 2759 714 2803 VIH’
809 2760 876 2802 (81.6
902 2760 996 2803 ΗΠ
1023 2771 1090 2795 om·
1108 2761 1184 2805 rel.)
1215 2730 1229 2838 ς
1293 2736 1517 2772 v1nc1a11bus
1852 2737 1910 2771 VI
1942 2737 2064 2780 11,34,
2081 2738 2099 2771 1

358 2841 363 2851 .
431 2818 503 2851 oet·
536 2816 626 2861 VH)
1832 2795 1913 2830 VII
1941 2796 2186 2840 1ust.3‚13,4

1869 2842 2108 2888 [PLFHam

1808 2901 1912 2935 VIII
1941 2901 2030 2936 lust.
2048 2901 2079 2942 3,
2095 2901 2148 2944 19,
2163 2900 2184 2934 2

1868 2946 1985 2992 [Hal]

91 3031 156 3066 331
388 3032 738 3079 prianodeJJ)
764 3061 1013 3070 ........
1246 3035 1406 3081 Euagrio
1430 3041 1497 3080 ppo
1531 3035 1595 3077 (sic
1619 3035 1692 3078 III,
1781 3019 1791 3151 ἓ
1823 3005 1872 3096 I}
1902 3004 2061 3096 {3²3⁹}

429 3091 525 3136 Aug.
1293 3103 1359 3127 om.
1378 3093 1407 3126 1.
1434 3092 1500 3136 II)
1798 3120 1871 3154 ΙΠ
1903 3090 1956 3161 12:
1973 3090 2063 3161 1:20

88 3175 155 3211 331
387 3176 482 3223 prid.
499 3188 582 3213 non.
601 3176 682 3213 Oct.
767 3204 1499 3214 ................
1798 3178 1830 3219 4,
1848 3178 1899 3219 12,
1913 3178 1937 3211 4

89 3243 156 3280 331
386 3245 477 3281 XIII
501 3246 537 3281 k.
555 3246 650 3283 Nov.
765 3274 1013 3283 ........
1246 3249 1359 3284 Basso
1383 3255 1451 3295 ppo
1798 3247 1829 3288 1,
1844 3246 1876 3288 5,
1891 3247 1913 3281 3

87 3312 155 3348 331
386 3314 422 3349 k.
440 3314 535 3350 Nov.
766 3321 811 3362 pp
827 3317 932 3360 (sicI,
951 3317 1027 3354 dat.
1041 3317 1099 3361 II)
1114 3317 1204 3352 Con·
1252 3317 1546 3364 provincialibus
1823 3315 1851 3348 Ι
1880 3315 1910 3355 1,
1926 3315 1978 3356 16,
1993 3315 2014 3349 6

808 3374 1055 3422 stantinopoli
1802 3373 1849 3410 ΙΙ
1880 3372 2013 3416 1‚16,7
