2501 3615
1004 170 1047 175 —
1097 149 1208 185 CXLI
1256 171 1301 176 —-

281 261 351 284 non
379 248 497 284 solum
522 252 756 294 receperunt,
784 252 846 286 ¹<ed
873 252 985 288 etiam
1011 266 1075 288 suo
1102 255 1182 289 loco
1208 267 1306 293 eam,
1333 259 1480 292 mutata
1505 260 1703 303 propterea
1729 259 1824 305 legis
1849 262 2036 305 sequentis
2063 263 2113 297 in-

280 305 480 352 scriptione
499 308 537 341 et
551 305 679 341 addita
700 306 797 342 iusta
816 309 1056 354 expositione,
1076 311 1126 345 ita
1144 313 1287 357 corpori
1306 313 1547 356 inseruerunt,
1566 318 1607 350 ut
1625 328 1689 360 pro
1705 316 1874 362 legitima
1888 320 2113 363 procederet.

299 468 483 504 Breviarii
510 470 625 504 fornia
646 469 848 514 primitiva,
877 471 979 506 cuius
999 472 1157 517 vestigia
1184 474 1346 509 servavit
1374 476 1472 510 solus
1499 476 1572 511 fere
1600 476 1713 511 codex
1738 477 1776 518 (),
1804 481 1947 515 mature
1968 480 2114 515 videtur

184 527 403 563 oblitterata
435 538 512 562 esse
545 527 749 572 exemplari
781 528 953 563 adhibito
980 530 1227 565 'rheodffliani
1263 531 1408 577 integri.
1459 533 1644 569 Successit
1676 536 1793 570 fornia
1819 548 1878 579 ea,
1913 550 2022 581 quain
2055 551 2112 573 cx-

183 584 314 620 hibent
346 583 491 619 codices
524 584 639 619 nostri
674 585 824 620 secundi
851 586 988 620 ordinis
1023 587 1155 632 01·ti1ni
1181 589 1334 633 quique,
1367 602 1520 634 quorum
1551 593 1797 638 archetypum
1828 594 1984 630 haberet
2018 596 2113 630 bona

183 641 307 678 omnia
332 653 427 686 quae
460 645 651 677 servarunt
687 642 831 678 codices
862 646 927 678 aut
948 644 1020 678 XC
1042 647 1107 679 aut
1133 645 1162 677 S
1187 648 1225 681 et
1257 651 1452 691 praetcrea
1484 649 1689 694 singularia
1715 651 1897 694 quaedam
1930 652 1968 687 in
2003 653 2113 688 huius

181 698 346 734 familiae
372 698 525 743 reliquis
552 698 732 744 dispersa,
766 703 807 735 ut
833 701 869 734 in
902 702 1168 738 constitutione
1194 704 1223 745 9,
1239 705 1330 744 45,4
1355 718 1450 749 quae
1477 706 1592 743 habet
1612 707 1650 751 Q.
1700 708 1769 743 Sed
1796 709 1924 745 cadem
1957 711 2004 745 ab
2031 711 2113 756 ipsa

181 756 324 803 origine
348 756 492 792 mendis
517 757 723 793 abundavit
749 761 785 792 et
811 770 894 793 mox
920 758 1033 794 etiam
1059 760 1180 805 magis
1206 772 1227 795 a
1252 761 1414 797 librariis
1441 767 1616 809 corrupta
1642 768 1697 800 est
1724 767 1761 800 et
1788 765 2027 811 interpolata.

295 813 437 849 Deinde
464 813 741 849 Theodosi-anns
769 815 1004 850 Alaricianus
1039 817 1150 851 semel
1186 821 1299 861 certe,
1336 820 1492 855 fortasse
1527 822 1674 867 saepius
1707 825 1932 859 retractatus
1964 828 2021 860 est
2052 826 2112 860 ad-

180 871 313 907 hibitis
341 871 460 907 denuo
494 871 770 916 exemplaribus
801 872 1049 908 Theodosiani
1083 874 1220 920 integri
1256 878 1294 911 et
1328 876 1382 911 ita
1415 890 1459 912 ea
1493 878 1610 914 fornia
1641 880 1789 921 effecta,
1823 894 1933 925 quain
1966 882 2002 916 in
2035 883 2113 917 nni-

180 941 325 966 versum
356 928 444 964 libri
477 928 615 963 ordinis
648 929 763 964 nostri
795 929 958 965 melioris
992 935 1284 976 repraesentant.
1335 934 1451 974 Quale
1482 937 1691 982 exemplum
1725 938 1863 973 ordinis
1898 940 2111 975 vetustioris

178 987 378 1033 prudentes
401 985 442 1021 hi
459 986 710 1027 adhibuerint,
738 987 932 1032 ignoratur
949 991 1147 1034 potestque
1173 990 1212 1024 id
1237 990 1281 1025 iis
1300 1004 1395 1035 quae
1412 993 1591 1029 habemus
1610 995 1842 1039 praestitisse
1869 999 1907 1031 ct
1933 998 2109 1032 bonorum

179 1057 315 1089 eorum,
341 1056 437 1089 quae
461 1044 578 1080 habet
603 1045 691 1080 ordo
717 1044 857 1086 melior,
883 1057 969 1090 pars
995 1045 1080 1081 inde
1108 1047 1300 1092 proficisci.
1350 1049 1602 1086 Nihilominus
1628 1053 1671 1086 de
1697 1052 1755 1087 his
1782 1055 2112 1090 retractationibus

179 1101 355 1138 breviarii
387 1102 570 1138 adhibitis
601 1102 739 1148 integri
765 1102 927 1147 corporis
953 1104 1227 1148 exemplaribus
1253 1105 1417 1141 dubita-ri
1451 1119 1522 1142 non
1552 1111 1677 1154 potest
1702 1111 1859 1146 maxime
1890 1115 2042 1157 propter
2069 1124 2112 1147 ea

180 1172 276 1205 quae
294 1172 407 1206 supra
425 1159 686 1196 adnotavimus
706 1160 750 1195 de
768 1159 1076 1205 inscriptionibus
1095 1161 1402 1199 constitutionum
1421 1167 1458 1200 et
1477 1165 1520 1200 de
1540 1167 1868 1203 constitutionibus
1886 1169 2112 1210 adiccticiis;

178 1217 380 1264 prudentes
405 1229 428 1253 a
454 1217 590 1263 quibus
614 1217 708 1253 haec
732 1217 902 1262 profecta
927 1221 1013 1253 sunt
1038 1219 1114 1253 fieri
1141 1232 1212 1255 non
1237 1221 1373 1266 potuit,
1400 1222 1488 1266 quin
1515 1223 1630 1258 etiam
1656 1225 1779 1270 legum
1807 1226 1918 1261 verba
1943 1227 2003 1261 hic
2030 1226 2108 1261 illic

178 1275 385 1311 conferrent
411 1286 529 1319 eaque
556 1277 622 1310 aut
647 1275 886 1310 emendarent
912 1279 978 1311 aut
1004 1279 1103 1312 certe
1129 1277 1360 1314 adnotarent.
1404 1280 1463 1314 Ita
1488 1281 1621 1316 effecta
1646 1285 1702 1317 est
1726 1294 1799 1317 non
1819 1283 1982 1318 recensio
2000 1296 2107 1325 nova,

175 1333 240 1369 sed
263 1331 421 1378 antiqua
446 1332 601 1368 subinde
626 1332 836 1368 immutata.
878 1333 993 1369 Plene
1018 1337 1061 1369 ut
1086 1334 1366 1381 distinguantur
1382 1338 1521 1374 formae
1541 1338 1716 1381 diversae,
1743 1340 1870 1384 perfici
1893 1353 1964 1376 non
1983 1343 2107 1386 potest
2138 1352 2141 1356 ¹

175 1403 294 1436 neque
319 1390 441 1426 altera
464 1393 550 1426 utra
574 1391 622 1426 ad
648 1393 768 1426 certos
793 1390 940 1426 codices
964 1392 1148 1433 revocari;
1176 1394 1293 1429 mixta
1319 1395 1517 1430 traduntur
1542 1396 1676 1431 omnia.
1726 1398 1815 1432 Inde
1842 1398 1879 1432 111
1905 1398 2010 1433 1111113
2036 1411 2106 1433 11011

176 1447 306 1494 paucis
332 1447 614 1494 dittographiae
647 1447 786 1493 passim
818 1448 1070 1494 reperiuntur;
1105 1452 1300 1495 praeterea
1332 1451 1385 1486 ibi
1411 1465 1572 1497 quoque,
1606 1454 1670 1489 ubi
1704 1455 1748 1490 de
1780 1454 1826 1489 iis
1857 1467 1928 1491 non
1960 1459 2107 1491 constat

175 1517 242 1551 per
264 1504 453 1548 librarios,
486 1505 636 1541 collatis
667 1505 857 1541 codicibus
889 1506 1060 1551 pluribus
1090 1506 1200 1542 binae
1231 1507 1411 1543 lectiones
1443 1510 1650 1555 antiquitus
1676 1511 1838 1547 tradit-ae
1864 1513 1991 1547 multis
2015 1513 2106 1548 10013

175 1565 436 1609 agnoscuntur.
484 1561 652 1607 Denique
678 1562 941 1599 adnotationes
972 1564 1237 1609 temporariae,
1271 1565 1314 1600 de
1341 1565 1474 1610 quibus
1505 1579 1615 1612 supra
1640 1581 1674 1613 p.
1692 1568 1833 1603 XXXV
1858 1569 2032 1611 diximus,
2068 1569 2105 1604 in

175 1620 245 1656 hoc
270 1620 396 1656 ordine
419 1621 496 1657 fere
521 1619 761 1656 inveniuntur
785 1620 968 1657 sublatae.

288 1677 447 1713 Omnino
464 1678 502 1713 in
520 1677 860 1720 constitutionibus,
887 1690 983 1723 quae
1001 1691 1023 1713 a
1042 1678 1233 1714 Breviario
1254 1681 1332 1715 solo
1360 1681 1534 1725 pendent,
1561 1682 1631 1717 etsi
1656 1695 1729 1718 non
1758 1686 1857 1719 recte
1884 1687 2104 1729 spernentur

174 1734 355 1772 librorum
379 1735 696 1782 praestantiorum
728 1735 908 1771 lectiones
941 1735 1057 1771 etiam
1089 1736 1311 1781 singulares,
1346 1738 1581 1783 potissimum
1614 1740 1866 1785 respiciendae
1897 1744 1982 1777 sunt
2008 1754 2102 1785 quac

174 1794 261 1828 sunt
291 1793 445 1829 duorum
476 1793 645 1828 ordinum
675 1805 743 1828 nec
776 1796 977 1839 propterea
1009 1794 1054 1829 de
1080 1794 1272 1830 ordinibus
1298 1795 1390 1840 ipsis
1416 1796 1675 1837 dubitandum,
1711 1798 1808 1841 quod
1839 1810 2102 1844 saepenumero

175 1849 382 1887 admittunt
406 1850 522 1887 libros
540 1851 624 1897 plus
641 1850 762 1885 minus
779 1850 937 1892 alienos;
964 1863 1050 1886 nam
1068 1851 1337 1887 contaminatio
1356 1853 1615 1898 antiquissima
1633 1857 1670 1889 01
1688 1855 1764 1891 late
1783 1858 1915 1900 patens
1934 1855 2102 1891 ordinum

174 1907 263 1944 fines
286 1907 426 1954 passim
450 1908 697 1954 perturbavit.
747 1909 807 1943 Ita
836 1908 931 1944 duae
962 1908 1141 1944 lectiones
1172 1909 1237 1944 ubi
1269 1910 1610 1955 deprehenduntur,
1645 1912 1763 1947 maior
1795 1913 1998 1949 auctoritas
2031 1913 2101 1949 erit

176 1964 264 2008 eius,
290 1977 403 2010 quam
428 1968 558 2002 tenent
582 1965 671 2001 libri
696 1978 718 2001 a
740 1965 847 2001 nobis
871 1966 1041 2002 meliores
1058 1967 1284 2012 nuncupati3
1311 1968 1373 2002 sed
1400 1972 1522 2013 potest
1542 1982 1666 2004 verum
1684 1970 1797 2005 etiam
1819 1974 2004 2007 servatum
2024 1984 2100 2007 essc

174 2035 240 2068 per
264 2023 475 2060 deteriores.
524 2025 619 2060 Sane
644 2036 716 2060 non
742 2024 854 2069 pauci
878 2023 951 2059 loci
977 2024 1032 2060 ita
1056 2026 1301 2061 remanebunt
1326 2026 1510 2072 ambigui,
1537 2029 1579 2062 ut
1603 2028 1764 2073 exempli
1789 2040 1900 2064 causa
1927 2029 1964 2063 in
1990 2029 2099 2065 iuter-

173 2080 396 2125 pretationis
420 2082 502 2118 loco
529 2081 727 2124 3,12‚2‚*3
753 2081 865 2118 aliter
885 2083 1006 2118 relato
1032 2081 1070 2117 in
1088 2083 1172 2124 NE,
1199 2083 1309 2118 aliter
1327 2084 1363 2118 in
1381 2084 1584 2119 BCPMSL
1608 2087 1692 2120 utra
1717 2086 1834 2120 forma
1859 2086 2016 2130 antiqua
2041 2087 2099 2127 sit,

173 2150 240 2184 per
265 2138 410 2175 codices
433 2152 506 2176 non
531 2139 715 2176 definitur.
765 2139 931 2184 Denique
958 2140 1028 2175 hoc
1054 2152 1200 2185 quoque
1227 2141 1265 2175 in
1291 2141 1474 2177 breviario
1500 2145 1623 2187 potest
1650 2143 1824 2184 evenisse,
1857 2146 1897 2178 ut
1923 2143 2100 2179 lectiones

173 2195 268 2231 duae
293 2196 462 2233 diversae
487 2197 641 2233 redeant
673 2198 721 2233 ad
746 2198 884 2245 integri
911 2199 1161 2235 Theodosiani
1185 2201 1413 2246 exemplaria
1438 2201 1699 2246 discrepantia.
1749 2202 1798 2237 At
1828 2202 1865 2236 in
1891 2203 2099 2237 universum

172 2253 350 2289 breviarii
375 2257 499 2291 textus
525 2255 631 2297 talis,
657 2256 780 2300 qualis
805 2256 843 2291 in
869 2257 1075 2302 archetypo
1102 2257 1188 2298 fuit,
1215 2257 1251 2292 in
1281 2258 1470 2293 codicibus
1495 2259 1629 2294 nostris
1655 2258 1838 2304 reperitur
1862 2262 1961 2295 recte
1988 2259 2099 2294 tradi-

173 2312 249 2352 tus;
280 2310 543 2357 inscriptiones
568 2325 715 2358 quoque
741 2313 1052 2349 constitutionum
1078 2314 1257 2360 ipsaeque
1283 2315 1575 2361 subscriptiones
1609 2315 1645 2350 111
1679 2315 1724 2350 113
1750 2315 1855 2351 libris
1880 2317 2013 2361 plenae
2039 2317 2099 2350 ad-

173 2371 258 2404 sunt
284 2372 322 2405 et
346 2369 593 2416 incorruptae,
620 2374 658 2407 et
682 2374 878 2417 praestant
904 2373 974 2407 hoc
1000 2372 1149 2408 nomine
1174 2372 1350 2408 breviarii
1368 2373 1572 2408 Alariciani
1598 2373 1684 2409 libri
1710 2374 1819 2419 longe
1844 2373 1899 2415 iis,
1926 2385 1992 2418 per
2009 2386 2098 2418 quos

173 2425 354 2462 traditum
378 2427 558 2464 habemus
584 2428 748 2465 codicem
773 2429 1034 2465 Iustinianum.
