<?xml version="1.0" encoding="UTF-8"?>
<!DOCTYPE html PUBLIC "-//W3C//DTD XHTML 1.0 Transitional//EN"
    "http://www.w3.org/TR/xhtml1/DTD/xhtml1-transitional.dtd">
<html xmlns="http://www.w3.org/1999/xhtml" xml:lang="en" lang="en">
 <head>
  <title>
</title>
<meta http-equiv="Content-Type" content="text/html;charset=utf-8" />
  <meta name='ocr-system' content='tesseract 3.04.00' />
  <meta name='ocr-capabilities' content='ocr_page ocr_carea ocr_par ocr_line ocrx_word'/>
</head>
<body>
  <div class='ocr_page' id='page_1' title='image "./theodosianilibri00codeuoft_0109.png"; bbox 0 0 2501 3615; ppageno 0'>
   <div class='ocr_carea' id='block_1_1' title="bbox 982 111 1252 149">
    <p class='ocr_par' dir='ltr' id='par_1_1' title="bbox 982 111 1252 149">
     <span class='ocr_line' id='line_1_1' title="bbox 982 111 1252 149; baseline -0.004 0"><span class='ocrx_word' id='word_1_1' title='bbox 982 133 1027 139; x_wconf 86' lang='lat'><em>-</em></span> <span class='ocrx_word' id='word_1_2' title='bbox 1076 111 1160 149; x_wconf 89' lang='lat' dir='ltr'>CIII</span> <span class='ocrx_word' id='word_1_3' title='bbox 1209 132 1252 139; x_wconf 90' lang='lat'>--</span> 
     </span>
    </p>
   </div>
   <div class='ocr_carea' id='block_1_2' title="bbox 356 215 2082 321">
    <p class='ocr_par' dir='ltr' id='par_1_2' title="bbox 356 215 2082 321">
     <span class='ocr_line' id='line_1_2' title="bbox 356 215 2082 264; baseline 0.001 -11"><span class='ocrx_word' id='word_1_4' title='bbox 356 215 538 253; x_wconf 74' lang='lat' dir='ltr'>tarditate</span> <span class='ocrx_word' id='word_1_5' title='bbox 564 216 754 262; x_wconf 79' lang='lat' dir='ltr'>suspendi,</span> <span class='ocrx_word' id='word_1_6' title='bbox 787 216 876 262; x_wconf 89' lang='lat' dir='ltr'>quia</span> <span class='ocrx_word' id='word_1_7' title='bbox 906 229 963 253; x_wconf 91' lang='lat' dir='ltr'>res</span> <span class='ocrx_word' id='word_1_8' title='bbox 995 216 1236 253; x_wconf 87' lang='lat' dir='ltr'>ecclesiarum</span> <span class='ocrx_word' id='word_1_9' title='bbox 1272 228 1339 253; x_wconf 91' lang='lat' dir='ltr'>nec</span> <span class='ocrx_word' id='word_1_10' title='bbox 1371 228 1437 262; x_wconf 87' lang='lat' dir='ltr'>per</span> <span class='ocrx_word' id='word_1_11' title='bbox 1461 215 1663 252; x_wconf 86' lang='lat' dir='ltr'>intervalla</span> <span class='ocrx_word' id='word_1_12' title='bbox 1689 218 1896 262; x_wconf 87' lang='lat' dir='ltr'>temporum</span> <span class='ocrx_word' id='word_1_13' title='bbox 1923 229 1989 253; x_wconf 89' lang='lat' dir='ltr'>nec</span> <span class='ocrx_word' id='word_1_14' title='bbox 2017 230 2082 264; x_wconf 85' lang='lat' dir='ltr'>per</span> 
     </span>
     <span class='ocr_line' id='line_1_3' title="bbox 358 274 1582 321; baseline 0 -12"><span class='ocrx_word' id='word_1_15' title='bbox 358 274 539 311; x_wconf 82' lang='lat' dir='ltr'><strong>tardiores</strong></span> <span class='ocrx_word' id='word_1_16' title='bbox 565 278 718 321; x_wconf 79' lang='lat' dir='ltr'>agentes</span> <span class='ocrx_word' id='word_1_17' title='bbox 746 287 818 311; x_wconf 90' lang='lat' dir='ltr'>non</span> <span class='ocrx_word' id='word_1_18' title='bbox 844 278 998 321; x_wconf 90' lang='lat' dir='ltr'>possunt</span> <span class='ocrx_word' id='word_1_19' title='bbox 1024 275 1239 321; x_wconf 86' lang='lat' dir='ltr'>prolongari</span> <span class='ocrx_word' id='word_1_20' title='bbox 1266 286 1384 320; x_wconf 91' lang='lat' dir='ltr'>neque</span> <span class='ocrx_word' id='word_1_21' title='bbox 1411 285 1582 310; x_wconf 84' lang='lat' dir='ltr'>annuere.</span> 
     </span>
    </p>
   </div>
   <div class='ocr_carea' id='block_1_3' title="bbox 299 344 706 389">
    <p class='ocr_par' dir='ltr' id='par_1_3' title="bbox 299 344 706 389">
     <span class='ocr_line' id='line_1_4' title="bbox 299 344 706 389; baseline 0.002 -11"><span class='ocrx_word' id='word_1_22' title='bbox 299 344 331 379; x_wconf 89' lang='lat'>2.</span> <span class='ocrx_word' id='word_1_23' title='bbox 351 347 432 389; x_wconf 78' lang='lat' dir='ltr'>post</span> <span class='ocrx_word' id='word_1_24' title='bbox 456 345 706 379; x_wconf 75' lang='lat' dir='ltr'><em>interstitium:</em></span> 
     </span>
    </p>
   </div>
   <div class='ocr_carea' id='block_1_4' title="bbox 355 407 2084 799">
    <p class='ocr_par' dir='ltr' id='par_1_4' title="bbox 355 407 2084 799">
     <span class='ocr_line' id='line_1_5' title="bbox 358 407 2084 453; baseline 0.001 -10"><span class='ocrx_word' id='word_1_25' title='bbox 358 407 464 443; x_wconf 82' lang='lat' dir='ltr'><strong>Sicut</strong></span> <span class='ocrx_word' id='word_1_26' title='bbox 489 408 547 444; x_wconf 84' lang='lat' dir='ltr'>lex</span> <span class='ocrx_word' id='word_1_27' title='bbox 565 408 816 444; x_wconf 87' lang='lat' dir='ltr'>Theodosiani</span> <span class='ocrx_word' id='word_1_28' title='bbox 839 411 877 444; x_wconf 91' lang='lat' dir='ltr'>et</span> <span class='ocrx_word' id='word_1_29' title='bbox 895 407 973 443; x_wconf 87' lang='lat' dir='ltr'>divi</span> <span class='ocrx_word' id='word_1_30' title='bbox 990 407 1249 444; x_wconf 83' lang='lat' dir='ltr'>Valentiniani</span> <span class='ocrx_word' id='word_1_31' title='bbox 1267 410 1305 443; x_wconf 92' lang='lat' dir='ltr'>et</span> <span class='ocrx_word' id='word_1_32' title='bbox 1323 408 1480 444; x_wconf 84' lang='lat' dir='ltr'>aliorum</span> <span class='ocrx_word' id='word_1_33' title='bbox 1499 409 1692 443; x_wconf 81' lang='lat' dir='ltr'>auctorum</span> <span class='ocrx_word' id='word_1_34' title='bbox 1709 408 1776 453; x_wconf 80' lang='lat' dir='ltr'>(sic</span> <span class='ocrx_word' id='word_1_35' title='bbox 1794 419 1838 444; x_wconf 87' lang='lat' dir='ltr'>m.</span> <span class='ocrx_word' id='word_1_36' title='bbox 1855 412 1886 452; x_wconf 80' lang='lat'>2,</span> <span class='ocrx_word' id='word_1_37' title='bbox 1905 420 1948 444; x_wconf 85' lang='lat' dir='ltr'>m.</span> <span class='ocrx_word' id='word_1_38' title='bbox 1965 416 1981 444; x_wconf 92' lang='lat'><em>1</em></span> <span class='ocrx_word' id='word_1_39' title='bbox 2000 410 2084 452; x_wconf 75' lang='lat' dir='ltr'>inc.)</span> 
     </span>
     <span class='ocr_line' id='line_1_6' title="bbox 360 465 2082 511; baseline 0.002 -11"><span class='ocrx_word' id='word_1_40' title='bbox 360 465 555 511; x_wconf 86' lang='lat' dir='ltr'>praecipit.</span> <span class='ocrx_word' id='word_1_41' title='bbox 611 466 648 502; x_wconf 88' lang='lat' dir='ltr'>Si</span> <span class='ocrx_word' id='word_1_42' title='bbox 681 466 764 510; x_wconf 89' lang='lat' dir='ltr'>quis</span> <span class='ocrx_word' id='word_1_43' title='bbox 795 467 1012 502; x_wconf 87' lang='lat' dir='ltr'>libertatem</span> <span class='ocrx_word' id='word_1_44' title='bbox 1045 477 1067 501; x_wconf 90' lang='lat' dir='ltr'>a</span> <span class='ocrx_word' id='word_1_45' title='bbox 1098 465 1258 511; x_wconf 85' lang='lat' dir='ltr'>propriis</span> <span class='ocrx_word' id='word_1_46' title='bbox 1288 465 1447 501; x_wconf 89' lang='lat' dir='ltr'>dominis</span> <span class='ocrx_word' id='word_1_47' title='bbox 1476 465 1590 502; x_wconf 86' lang='lat' dir='ltr'>fuerit</span> <span class='ocrx_word' id='word_1_48' title='bbox 1624 468 1858 508; x_wconf 75' lang='lat' dir='ltr'>consecutus,</span> <span class='ocrx_word' id='word_1_49' title='bbox 1893 467 2013 503; x_wconf 90' lang='lat' dir='ltr'>sciant</span> <span class='ocrx_word' id='word_1_50' title='bbox 2045 480 2082 503; x_wconf 87' lang='lat' dir='ltr'>se</span> 
     </span>
     <span class='ocr_line' id='line_1_7' title="bbox 359 523 2083 569; baseline 0.001 -11"><span class='ocrx_word' id='word_1_51' title='bbox 359 523 517 559; x_wconf 88' lang='lat' dir='ltr'>dominis</span> <span class='ocrx_word' id='word_1_52' title='bbox 542 523 618 559; x_wconf 89' lang='lat' dir='ltr'>suis</span> <span class='ocrx_word' id='word_1_53' title='bbox 643 535 720 559; x_wconf 88' lang='lat' dir='ltr'>esse</span> <span class='ocrx_word' id='word_1_54' title='bbox 746 523 943 565; x_wconf 84' lang='lat' dir='ltr'>subiectos,</span> <span class='ocrx_word' id='word_1_55' title='bbox 969 523 1068 558; x_wconf 92' lang='lat' dir='ltr'>sicut</span> <span class='ocrx_word' id='word_1_56' title='bbox 1092 523 1239 558; x_wconf 84' lang='lat' dir='ltr'>libertis</span> <span class='ocrx_word' id='word_1_57' title='bbox 1265 523 1323 558; x_wconf 81' lang='lat' dir='ltr'>lex</span> <span class='ocrx_word' id='word_1_58' title='bbox 1340 523 1528 569; x_wconf 77' lang='lat' dir='ltr'>praecipit</span> <span class='ocrx_word' id='word_1_59' title='bbox 1552 523 1748 567; x_wconf 81' lang='lat' dir='ltr'>custodire,</span> <span class='ocrx_word' id='word_1_60' title='bbox 1774 527 1812 560; x_wconf 91' lang='lat' dir='ltr'>et</span> <span class='ocrx_word' id='word_1_61' title='bbox 1838 523 1869 559; x_wconf 89' lang='lat' dir='ltr'>si</span> <span class='ocrx_word' id='word_1_62' title='bbox 1893 524 1930 559; x_wconf 89' lang='lat' dir='ltr'>in</span> <span class='ocrx_word' id='word_1_63' title='bbox 1957 525 2083 569; x_wconf 86' lang='lat' dir='ltr'>aliquo</span> 
     </span>
     <span class='ocr_line' id='line_1_8' title="bbox 359 579 2081 627; baseline 0.001 -11"><span class='ocrx_word' id='word_1_64' title='bbox 359 581 522 627; x_wconf 89' lang='lat' dir='ltr'>propriis</span> <span class='ocrx_word' id='word_1_65' title='bbox 554 581 712 616; x_wconf 89' lang='lat' dir='ltr'>dominis</span> <span class='ocrx_word' id='word_1_66' title='bbox 742 581 909 623; x_wconf 89' lang='lat' dir='ltr'>leserint,</span> <span class='ocrx_word' id='word_1_67' title='bbox 944 580 992 616; x_wconf 88' lang='lat' dir='ltr'>ad</span> <span class='ocrx_word' id='word_1_68' title='bbox 1023 579 1220 615; x_wconf 86' lang='lat' dir='ltr'>servicium</span> <span class='ocrx_word' id='word_1_69' title='bbox 1245 583 1487 617; x_wconf 87' lang='lat' dir='ltr'>revertentur.</span> <span class='ocrx_word' id='word_1_70' title='bbox 1537 581 1761 617; x_wconf 88' lang='lat' dir='ltr'>Patronatus</span> <span class='ocrx_word' id='word_1_71' title='bbox 1787 583 1913 617; x_wconf 89' lang='lat' dir='ltr'>autem</span> <span class='ocrx_word' id='word_1_72' title='bbox 1938 583 2081 618; x_wconf 86' lang='lat' dir='ltr'>tamdiu</span> 
     </span>
     <span class='ocr_line' id='line_1_9' title="bbox 358 637 2083 684; baseline 0 -10"><span class='ocrx_word' id='word_1_73' title='bbox 358 639 603 684; x_wconf 88' lang='lat' dir='ltr'>prolongatur</span> <span class='ocrx_word' id='word_1_74' title='bbox 628 651 743 684; x_wconf 90' lang='lat' dir='ltr'>usque</span> <span class='ocrx_word' id='word_1_75' title='bbox 774 639 812 674; x_wconf 88' lang='lat' dir='ltr'>in</span> <span class='ocrx_word' id='word_1_76' title='bbox 837 639 992 675; x_wconf 83' lang='lat' dir='ltr'>terciam</span> <span class='ocrx_word' id='word_1_77' title='bbox 1017 637 1312 684; x_wconf 84' lang='lat' dir='ltr'>generationem,</span> <span class='ocrx_word' id='word_1_78' title='bbox 1344 649 1418 682; x_wconf 87' lang='lat' dir='ltr'>qua</span> <span class='ocrx_word' id='word_1_79' title='bbox 1444 638 1594 683; x_wconf 69' lang='lat' dir='ltr'>expleta</span> <span class='ocrx_word' id='word_1_80' title='bbox 1620 640 1841 684; x_wconf 86' lang='lat' dir='ltr'>patronatus</span> <span class='ocrx_word' id='word_1_81' title='bbox 1867 638 1979 674; x_wconf 90' lang='lat' dir='ltr'>desiit</span> <span class='ocrx_word' id='word_1_82' title='bbox 2006 651 2083 674; x_wconf 91' lang='lat' dir='ltr'>esse</span> 
     </span>
     <span class='ocr_line' id='line_1_10' title="bbox 358 695 2084 742; baseline 0 -10"><span class='ocrx_word' id='word_1_83' title='bbox 358 699 397 732; x_wconf 85' lang='lat' dir='ltr'>et</span> <span class='ocrx_word' id='word_1_84' title='bbox 421 697 485 742; x_wconf 88' lang='lat' dir='ltr'>qui</span> <span class='ocrx_word' id='word_1_85' title='bbox 517 697 598 732; x_wconf 87' lang='lat' dir='ltr'>nati</span> <span class='ocrx_word' id='word_1_86' title='bbox 630 697 770 733; x_wconf 91' lang='lat' dir='ltr'>fuerint</span> <span class='ocrx_word' id='word_1_87' title='bbox 795 709 839 733; x_wconf 83' lang='lat' dir='ltr'>ex</span> <span class='ocrx_word' id='word_1_88' title='bbox 864 696 1025 739; x_wconf 78' lang='lat' dir='ltr'>libertis,</span> <span class='ocrx_word' id='word_1_89' title='bbox 1058 695 1097 730; x_wconf 90' lang='lat' dir='ltr'>in</span> <span class='ocrx_word' id='word_1_90' title='bbox 1129 707 1195 731; x_wconf 88' lang='lat' dir='ltr'>sua</span> <span class='ocrx_word' id='word_1_91' title='bbox 1224 695 1399 741; x_wconf 84' lang='lat' dir='ltr'>redigant</span> <span class='ocrx_word' id='word_1_92' title='bbox 1425 698 1614 741; x_wconf 87' lang='lat' dir='ltr'>potestate</span> <span class='ocrx_word' id='word_1_93' title='bbox 1647 699 1683 733; x_wconf 89' lang='lat' dir='ltr'>et</span> <span class='ocrx_word' id='word_1_94' title='bbox 1709 698 1937 733; x_wconf 90' lang='lat' dir='ltr'>testamenta</span> <span class='ocrx_word' id='word_1_95' title='bbox 1963 697 2084 733; x_wconf 89' lang='lat' dir='ltr'>facere</span> 
     </span>
     <span class='ocr_line' id='line_1_11' title="bbox 355 753 889 799; baseline 0 -11"><span class='ocrx_word' id='word_1_96' title='bbox 355 755 393 789; x_wconf 92' lang='lat' dir='ltr'>et</span> <span class='ocrx_word' id='word_1_97' title='bbox 417 753 634 789; x_wconf 87' lang='lat' dir='ltr'>testimonia</span> <span class='ocrx_word' id='word_1_98' title='bbox 660 755 889 799; x_wconf 87' lang='lat' dir='ltr'>perportare.</span> 
     </span>
    </p>
   </div>
   <div class='ocr_carea' id='block_1_5' title="bbox 300 821 1807 867">
    <p class='ocr_par' dir='ltr' id='par_1_5' title="bbox 300 821 1807 867">
     <span class='ocr_line' id='line_1_12' title="bbox 300 821 1807 867; baseline 0.001 -9"><span class='ocrx_word' id='word_1_99' title='bbox 300 823 332 858; x_wconf 87' lang='lat'>3.</span> <span class='ocrx_word' id='word_1_100' title='bbox 358 823 399 858; x_wconf 79' lang='lat' dir='ltr'>in</span> <span class='ocrx_word' id='word_1_101' title='bbox 423 834 519 858; x_wconf 70' lang='lat' dir='ltr'>versa</span> <span class='ocrx_word' id='word_1_102' title='bbox 546 823 831 859; x_wconf 76' lang='lat' dir='ltr'>constitutionem</span> <span class='ocrx_word' id='word_1_103' title='bbox 855 828 904 867; x_wconf 90' lang='lat'>11,</span> <span class='ocrx_word' id='word_1_104' title='bbox 920 828 968 866; x_wconf 89' lang='lat'>11,</span> <span class='ocrx_word' id='word_1_105' title='bbox 985 827 1012 866; x_wconf 89' lang='lat'>1,</span> <span class='ocrx_word' id='word_1_106' title='bbox 1036 822 1138 856; x_wconf 68' lang='lat' dir='ltr'>euius</span> <span class='ocrx_word' id='word_1_107' title='bbox 1164 821 1266 856; x_wconf 73' lang='lat' dir='ltr'>varia</span> <span class='ocrx_word' id='word_1_108' title='bbox 1290 821 1386 857; x_wconf 72' lang='lat' dir='ltr'>lectio</span> <span class='ocrx_word' id='word_1_109' title='bbox 1411 833 1476 857; x_wconf 82' lang='lat' dir='ltr'>suo</span> <span class='ocrx_word' id='word_1_110' title='bbox 1500 823 1574 858; x_wconf 80' lang='lat' dir='ltr'>loco</span> <span class='ocrx_word' id='word_1_111' title='bbox 1597 822 1721 858; x_wconf 80' lang='lat' dir='ltr'>adlata</span> <span class='ocrx_word' id='word_1_112' title='bbox 1747 828 1807 859; x_wconf 78' lang='lat' dir='ltr'>est.</span> 
     </span>
    </p>
   </div>
   <div class='ocr_carea' id='block_1_6' title="bbox 150 909 2087 1475">
    <p class='ocr_par' dir='ltr' id='par_1_6' title="bbox 150 909 2087 1475">
     <span class='ocr_line' id='line_1_13' title="bbox 150 909 2086 957; baseline 0.001 -12"><span class='ocrx_word' id='word_1_113' title='bbox 150 910 252 946; x_wconf 88' lang='lat' dir='ltr'>Haec</span> <span class='ocrx_word' id='word_1_114' title='bbox 277 913 334 947; x_wconf 87' lang='lat' dir='ltr'>est</span> <span class='ocrx_word' id='word_1_115' title='bbox 358 910 512 952; x_wconf 87' lang='lat' dir='ltr'>scheda,</span> <span class='ocrx_word' id='word_1_116' title='bbox 544 911 639 946; x_wconf 90' lang='lat' dir='ltr'>unde</span> <span class='ocrx_word' id='word_1_117' title='bbox 671 911 871 947; x_wconf 89' lang='lat' dir='ltr'>secundum</span> <span class='ocrx_word' id='word_1_118' title='bbox 897 910 1020 945; x_wconf 87' lang='lat' dir='ltr'>locum</span> <span class='ocrx_word' id='word_1_119' title='bbox 1043 909 1134 944; x_wconf 80' lang='lat' dir='ltr'>sieut</span> <span class='ocrx_word' id='word_1_120' title='bbox 1160 937 1166 945; x_wconf 91' lang='lat'>.</span> <span class='ocrx_word' id='word_1_121' title='bbox 1187 936 1194 944; x_wconf 92' lang='lat'>.</span> <span class='ocrx_word' id='word_1_122' title='bbox 1214 937 1221 944; x_wconf 98' lang='lat'>.</span> <span class='ocrx_word' id='word_1_123' title='bbox 1241 912 1451 954; x_wconf 76' lang='lat' dir='ltr'>perportare</span> <span class='ocrx_word' id='word_1_124' title='bbox 1477 909 1538 945; x_wconf 88' lang='lat' dir='ltr'>hic</span> <span class='ocrx_word' id='word_1_125' title='bbox 1564 910 1643 946; x_wconf 91' lang='lat' dir='ltr'>illic</span> <span class='ocrx_word' id='word_1_126' title='bbox 1669 914 1883 957; x_wconf 88' lang='lat' dir='ltr'>corruptum</span> <span class='ocrx_word' id='word_1_127' title='bbox 1910 912 2086 949; x_wconf 85' lang='lat' dir='ltr'>Pithoeus</span> 
     </span>
     <span class='ocr_line' id='line_1_14' title="bbox 151 966 2086 1014; baseline 0.001 -11"><span class='ocrx_word' id='word_1_128' title='bbox 151 968 389 1014; x_wconf 85' lang='lat' dir='ltr'>transcripsit</span> <span class='ocrx_word' id='word_1_129' title='bbox 420 968 458 1003; x_wconf 92' lang='lat' dir='ltr'>in</span> <span class='ocrx_word' id='word_1_130' title='bbox 488 968 678 1014; x_wconf 84' lang='lat' dir='ltr'>exemplar</span> <span class='ocrx_word' id='word_1_131' title='bbox 707 981 813 1003; x_wconf 90' lang='lat' dir='ltr'>suum</span> <span class='ocrx_word' id='word_1_132' title='bbox 845 966 1020 1003; x_wconf 87' lang='lat' dir='ltr'>editionis</span> <span class='ocrx_word' id='word_1_133' title='bbox 1047 966 1272 1002; x_wconf 87' lang='lat' dir='ltr'>Cuiacianae</span> <span class='ocrx_word' id='word_1_134' title='bbox 1303 966 1426 1011; x_wconf 90' lang='lat' dir='ltr'>(hodie</span> <span class='ocrx_word' id='word_1_135' title='bbox 1460 967 1499 1002; x_wconf 88' lang='lat' dir='ltr'>in</span> <span class='ocrx_word' id='word_1_136' title='bbox 1524 967 1695 1004; x_wconf 86' lang='lat' dir='ltr'>Parisina</span> <span class='ocrx_word' id='word_1_137' title='bbox 1726 968 1958 1006; x_wconf 87' lang='lat' dir='ltr'>bibliotheca</span> <span class='ocrx_word' id='word_1_138' title='bbox 1989 970 2086 1006; x_wconf 89' lang='lat' dir='ltr'>inter</span> 
     </span>
     <span class='ocr_line' id='line_1_15' title="bbox 150 1023 2084 1072; baseline 0.001 -10"><span class='ocrx_word' id='word_1_139' title='bbox 150 1026 266 1062; x_wconf 88' lang='lat' dir='ltr'>libros</span> <span class='ocrx_word' id='word_1_140' title='bbox 291 1026 487 1072; x_wconf 90' lang='lat' dir='ltr'>impressos</span> <span class='ocrx_word' id='word_1_141' title='bbox 506 1026 655 1062; x_wconf 55' lang='lat' dir='ltr'>Reserve</span> <span class='ocrx_word' id='word_1_142' title='bbox 673 1025 746 1070; x_wconf 76' lang='lat' dir='ltr'>Fa)</span> <span class='ocrx_word' id='word_1_143' title='bbox 771 1024 985 1071; x_wconf 86' lang='lat' dir='ltr'>praemissis</span> <span class='ocrx_word' id='word_1_144' title='bbox 1004 1023 1126 1060; x_wconf 88' lang='lat' dir='ltr'>verbis</span> <span class='ocrx_word' id='word_1_145' title='bbox 1149 1024 1190 1059; x_wconf 70' lang='lat' dir='ltr'>in</span> <span class='ocrx_word' id='word_1_146' title='bbox 1213 1025 1317 1059; x_wconf 68' lang='lat' dir='ltr'>veteri</span> <span class='ocrx_word' id='word_1_147' title='bbox 1341 1024 1479 1068; x_wconf 77' lang='lat' dir='ltr'>scheda,</span> <span class='ocrx_word' id='word_1_148' title='bbox 1505 1025 1546 1059; x_wconf 73' lang='lat' dir='ltr'>in</span> <span class='ocrx_word' id='word_1_149' title='bbox 1570 1037 1643 1070; x_wconf 79' lang='lat' dir='ltr'>qua</span> <span class='ocrx_word' id='word_1_150' title='bbox 1667 1027 1798 1071; x_wconf 72' lang='lat' dir='ltr'>scripta</span> <span class='ocrx_word' id='word_1_151' title='bbox 1823 1028 1928 1062; x_wconf 79' lang='lat' dir='ltr'>etiam</span> <span class='ocrx_word' id='word_1_152' title='bbox 1953 1032 2039 1063; x_wconf 77' lang='lat' dir='ltr'>szmt</span> <span class='ocrx_word' id='word_1_153' title='bbox 2064 1029 2084 1063; x_wconf 78' lang='lat' dir='ltr'>l.</span> 
     </span>
     <span class='ocr_line' id='line_1_16' title="bbox 150 1083 2086 1129; baseline 0.001 -10"><span class='ocrx_word' id='word_1_154' title='bbox 150 1085 184 1120; x_wconf 78' lang='lat' dir='ltr'>si</span> <span class='ocrx_word' id='word_1_155' title='bbox 205 1085 268 1129; x_wconf 80' lang='lat' dir='ltr'>qui</span> <span class='ocrx_word' id='word_1_156' title='bbox 299 1094 419 1119; x_wconf 84' lang='lat' dir='ltr'>eorum</span> <span class='ocrx_word' id='word_1_157' title='bbox 448 1083 484 1119; x_wconf 82' lang='lat'>0.</span> <span class='ocrx_word' id='word_1_158' title='bbox 505 1084 540 1118; x_wconf 84' lang='lat' dir='ltr'><em>T</em></span> <span class='ocrx_word' id='word_1_159' title='bbox 540 1083 574 1118; x_wconf 76' lang='lat' dir='ltr'>k.</span> <span class='ocrx_word' id='word_1_160' title='bbox 598 1094 643 1118; x_wconf 77' lang='lat' dir='ltr'>‘ne</span> <span class='ocrx_word' id='word_1_161' title='bbox 674 1083 810 1118; x_wconf 76' lang='lat' dir='ltr'>damna</span> <span class='ocrx_word' id='word_1_162' title='bbox 836 1083 1000 1127; x_wconf 72' lang='lat' dir='ltr'>provinc.</span> <span class='ocrx_word' id='word_1_163' title='bbox 1024 1083 1241 1127; x_wconf 65' lang='lat' dir='ltr'>infligantur</span> <span class='ocrx_word' id='word_1_164' title='bbox 1266 1084 1324 1126; x_wconf 90' lang='lat'>(=</span> <span class='ocrx_word' id='word_1_165' title='bbox 1352 1083 1539 1128; x_wconf 90' lang='grc'>11,11,1).</span> <span class='ocrx_word' id='word_1_166' title='bbox 1566 1103 1609 1108; x_wconf 93' lang='lat'>——</span> <span class='ocrx_word' id='word_1_167' title='bbox 1640 1084 1745 1120; x_wconf 86' lang='lat' dir='ltr'>Prior</span> <span class='ocrx_word' id='word_1_168' title='bbox 1774 1085 1876 1120; x_wconf 90' lang='lat' dir='ltr'>locus</span> <span class='ocrx_word' id='word_1_169' title='bbox 1908 1088 1964 1121; x_wconf 91' lang='lat' dir='ltr'>est</span> <span class='ocrx_word' id='word_1_170' title='bbox 1994 1088 2086 1121; x_wconf 85' lang='lat' dir='ltr'>tam—</span> 
     </span>
     <span class='ocr_line' id='line_1_17' title="bbox 151 1140 2086 1187; baseline 0.001 -10"><span class='ocrx_word' id='word_1_171' title='bbox 151 1153 264 1187; x_wconf 89' lang='lat' dir='ltr'>quam</span> <span class='ocrx_word' id='word_1_172' title='bbox 289 1141 552 1187; x_wconf 87' lang='lat' dir='ltr'>interpretatio</span> <span class='ocrx_word' id='word_1_173' title='bbox 579 1140 859 1177; x_wconf 88' lang='lat' dir='ltr'>constitutionis</span> <span class='ocrx_word' id='word_1_174' title='bbox 884 1141 915 1183; x_wconf 88' lang='lat'>2,</span> <span class='ocrx_word' id='word_1_175' title='bbox 933 1141 966 1183; x_wconf 88' lang='lat'>4,</span> <span class='ocrx_word' id='word_1_176' title='bbox 985 1141 1004 1174; x_wconf 91' lang='lat'>7</span> <span class='ocrx_word' id='word_1_177' title='bbox 1031 1140 1079 1175; x_wconf 87' lang='lat' dir='ltr'>ad</span> <span class='ocrx_word' id='word_1_178' title='bbox 1104 1141 1218 1176; x_wconf 91' lang='lat' dir='ltr'>verba</span> <span class='ocrx_word' id='word_1_179' title='bbox 1243 1140 1323 1175; x_wconf 90' lang='lat' dir='ltr'>eius</span> <span class='ocrx_word' id='word_1_180' title='bbox 1347 1152 1464 1186; x_wconf 88' lang='lat' dir='ltr'>prope</span> <span class='ocrx_word' id='word_1_181' title='bbox 1490 1141 1688 1184; x_wconf 79' lang='lat' dir='ltr'>accedens,</span> <span class='ocrx_word' id='word_1_182' title='bbox 1722 1142 1786 1177; x_wconf 87' lang='lat' dir='ltr'>sed</span> <span class='ocrx_word' id='word_1_183' title='bbox 1817 1143 1920 1178; x_wconf 88' lang='lat' dir='ltr'>cuius</span> <span class='ocrx_word' id='word_1_184' title='bbox 1949 1143 2086 1178; x_wconf 85' lang='lat' dir='ltr'>aetatis</span> 
     </span>
     <span class='ocr_line' id='line_1_18' title="bbox 153 1197 2086 1246; baseline 0.001 -11"><span class='ocrx_word' id='word_1_185' title='bbox 153 1201 235 1246; x_wconf 87' lang='lat' dir='ltr'>ipsa</span> <span class='ocrx_word' id='word_1_186' title='bbox 264 1199 331 1242; x_wconf 89' lang='lat' dir='ltr'>sit,</span> <span class='ocrx_word' id='word_1_187' title='bbox 366 1199 534 1234; x_wconf 88' lang='lat' dir='ltr'>declarat</span> <span class='ocrx_word' id='word_1_188' title='bbox 567 1198 789 1234; x_wconf 90' lang='lat' dir='ltr'>vocabulum</span> <span class='ocrx_word' id='word_1_189' title='bbox 823 1197 1084 1244; x_wconf 86' lang='lat' dir='ltr'>prolongandi.</span> <span class='ocrx_word' id='word_1_190' title='bbox 1112 1218 1154 1223; x_wconf 91' lang='lat'>—-</span> <span class='ocrx_word' id='word_1_191' title='bbox 1180 1197 1427 1233; x_wconf 88' lang='lat' dir='ltr'>Posteriorem</span> <span class='ocrx_word' id='word_1_192' title='bbox 1459 1197 1578 1234; x_wconf 85' lang='lat' dir='ltr'>edidit</span> <span class='ocrx_word' id='word_1_193' title='bbox 1610 1211 1655 1234; x_wconf 85' lang='lat' dir='ltr'>ex</span> <span class='ocrx_word' id='word_1_194' title='bbox 1686 1200 1906 1246; x_wconf 88' lang='lat' dir='ltr'>apographo</span> <span class='ocrx_word' id='word_1_195' title='bbox 1938 1200 2086 1236; x_wconf 89' lang='lat' dir='ltr'>Pithoei</span> 
     </span>
     <span class='ocr_line' id='line_1_19' title="bbox 151 1255 2087 1303; baseline 0.001 -10"><span class='ocrx_word' id='word_1_196' title='bbox 151 1257 295 1294; x_wconf 90' lang='lat' dir='ltr'>Haenel</span> <span class='ocrx_word' id='word_1_197' title='bbox 320 1257 422 1303; x_wconf 90' lang='lat' dir='ltr'>apud</span> <span class='ocrx_word' id='word_1_198' title='bbox 439 1256 677 1292; x_wconf 88' lang='lat' dir='ltr'>Hauboldum</span> <span class='ocrx_word' id='word_1_199' title='bbox 703 1268 828 1303; x_wconf 88' lang='lat' dir='ltr'>opusc.</span> <span class='ocrx_word' id='word_1_200' title='bbox 846 1256 867 1291; x_wconf 88' lang='lat'>2</span> <span class='ocrx_word' id='word_1_201' title='bbox 894 1269 929 1302; x_wconf 92' lang='lat' dir='ltr'>p.</span> <span class='ocrx_word' id='word_1_202' title='bbox 947 1257 1026 1291; x_wconf 88' lang='lat'>927.</span> <span class='ocrx_word' id='word_1_203' title='bbox 1051 1255 1120 1291; x_wconf 84' lang='lat'>928</span> <span class='ocrx_word' id='word_1_204' title='bbox 1145 1257 1183 1290; x_wconf 89' lang='lat' dir='ltr'>et</span> <span class='ocrx_word' id='word_1_205' title='bbox 1208 1255 1256 1291; x_wconf 89' lang='lat' dir='ltr'>ad</span> <span class='ocrx_word' id='word_1_206' title='bbox 1273 1255 1342 1291; x_wconf 88' lang='lat' dir='ltr'>Th.</span> <span class='ocrx_word' id='word_1_207' title='bbox 1357 1256 1389 1298; x_wconf 87' lang='lat'>4,</span> <span class='ocrx_word' id='word_1_208' title='bbox 1407 1256 1512 1298; x_wconf 89' lang='lat' dir='ltr'>lO,3;</span> <span class='ocrx_word' id='word_1_209' title='bbox 1539 1256 1721 1293; x_wconf 87' lang='lat' dir='ltr'>tractavit</span> <span class='ocrx_word' id='word_1_210' title='bbox 1738 1257 1914 1294; x_wconf 87' lang='lat' dir='ltr'>Huschke</span> <span class='ocrx_word' id='word_1_211' title='bbox 1933 1258 2087 1294; x_wconf 77' lang='lat' dir='ltr'>Studien</span> 
     </span>
     <span class='ocr_line' id='line_1_20' title="bbox 150 1312 2086 1362; baseline 0 -11"><span class='ocrx_word' id='word_1_212' title='bbox 150 1315 210 1351; x_wconf 80' lang='lat' dir='ltr'>des</span> <span class='ocrx_word' id='word_1_213' title='bbox 232 1315 426 1351; x_wconf 59' lang='lat' dir='ltr'>rumischen</span> <span class='ocrx_word' id='word_1_214' title='bbox 451 1314 576 1350; x_wconf 74' lang='lat' dir='ltr'>Rechts</span> <span class='ocrx_word' id='word_1_215' title='bbox 599 1314 717 1358; x_wconf 83' lang='lat'>(1830)</span> <span class='ocrx_word' id='word_1_216' title='bbox 742 1326 778 1359; x_wconf 91' lang='lat' dir='ltr'>p.</span> <span class='ocrx_word' id='word_1_217' title='bbox 798 1313 881 1355; x_wconf 89' lang='lat'>163,</span> <span class='ocrx_word' id='word_1_218' title='bbox 916 1313 1085 1349; x_wconf 87' lang='lat' dir='ltr'>iudicans</span> <span class='ocrx_word' id='word_1_219' title='bbox 1121 1312 1341 1358; x_wconf 87' lang='lat' dir='ltr'>scriptorem</span> <span class='ocrx_word' id='word_1_220' title='bbox 1376 1313 1438 1348; x_wconf 89' lang='lat' dir='ltr'>hic</span> <span class='ocrx_word' id='word_1_221' title='bbox 1470 1314 1792 1359; x_wconf 84' lang='lat' dir='ltr'>comprehendisse</span> <span class='ocrx_word' id='word_1_222' title='bbox 1827 1319 2086 1362; x_wconf 86' lang='lat' dir='ltr'>argumentum</span> 
     </span>
     <span class='ocr_line' id='line_1_21' title="bbox 153 1370 2087 1414; baseline -0.001 -5"><span class='ocrx_word' id='word_1_223' title='bbox 153 1373 463 1410; x_wconf 87' lang='lat' dir='ltr'>constitutionum</span> <span class='ocrx_word' id='word_1_224' title='bbox 487 1371 594 1408; x_wconf 90' lang='lat' dir='ltr'>tituli</span> <span class='ocrx_word' id='word_1_225' title='bbox 618 1371 871 1408; x_wconf 90' lang='lat' dir='ltr'>Theodosiani</span> <span class='ocrx_word' id='word_1_226' title='bbox 895 1373 928 1414; x_wconf 88' lang='lat'>4,</span> <span class='ocrx_word' id='word_1_227' title='bbox 949 1371 991 1407; x_wconf 91' lang='lat'>10</span> <span class='ocrx_word' id='word_1_228' title='bbox 1014 1371 1072 1407; x_wconf 91' lang='lat' dir='ltr'>‘de</span> <span class='ocrx_word' id='word_1_229' title='bbox 1098 1371 1244 1406; x_wconf 87' lang='lat' dir='ltr'>libertis</span> <span class='ocrx_word' id='word_1_230' title='bbox 1276 1374 1313 1406; x_wconf 90' lang='lat' dir='ltr'>et</span> <span class='ocrx_word' id='word_1_231' title='bbox 1346 1383 1472 1407; x_wconf 90' lang='lat' dir='ltr'>eorum</span> <span class='ocrx_word' id='word_1_232' title='bbox 1496 1370 1638 1408; x_wconf 81' lang='lat' dir='ltr'>liberis&#39;</span> <span class='ocrx_word' id='word_1_233' title='bbox 1661 1374 1701 1408; x_wconf 91' lang='lat' dir='ltr'>et</span> <span class='ocrx_word' id='word_1_234' title='bbox 1729 1373 1900 1408; x_wconf 87' lang='lat' dir='ltr'>novellae</span> <span class='ocrx_word' id='word_1_235' title='bbox 1920 1373 2087 1409; x_wconf 87' lang='lat' dir='ltr'>Valenti-</span> 
     </span>
     <span class='ocr_line' id='line_1_22' title="bbox 151 1428 2086 1475; baseline 0 -9"><span class='ocrx_word' id='word_1_236' title='bbox 151 1431 256 1467; x_wconf 87' lang='lat' dir='ltr'>niani</span> <span class='ocrx_word' id='word_1_237' title='bbox 285 1431 331 1466; x_wconf 85' lang='lat'>24</span> <span class='ocrx_word' id='word_1_238' title='bbox 361 1431 421 1466; x_wconf 86' lang='lat' dir='ltr'>‘de</span> <span class='ocrx_word' id='word_1_239' title='bbox 451 1430 597 1466; x_wconf 90' lang='lat' dir='ltr'>libertis</span> <span class='ocrx_word' id='word_1_240' title='bbox 630 1432 669 1465; x_wconf 92' lang='lat' dir='ltr'>et</span> <span class='ocrx_word' id='word_1_241' title='bbox 703 1428 998 1465; x_wconf 87' lang='lat' dir='ltr'>successionibus</span> <span class='ocrx_word' id='word_1_242' title='bbox 1030 1428 1178 1471; x_wconf 86' lang='lat' dir='ltr'>eorum‘,</span> <span class='ocrx_word' id='word_1_243' title='bbox 1215 1428 1255 1463; x_wconf 90' lang='lat' dir='ltr'>id</span> <span class='ocrx_word' id='word_1_244' title='bbox 1285 1429 1384 1473; x_wconf 87' lang='lat' dir='ltr'>quod</span> <span class='ocrx_word' id='word_1_245' title='bbox 1417 1429 1688 1475; x_wconf 86' lang='lat' dir='ltr'>praescriptum</span> <span class='ocrx_word' id='word_1_246' title='bbox 1719 1432 1819 1466; x_wconf 87' lang='lat' dir='ltr'>recte</span> <span class='ocrx_word' id='word_1_247' title='bbox 1852 1430 2086 1467; x_wconf 90' lang='lat' dir='ltr'>intellectum</span> 
     </span>
    </p>
   </div>
   <div class='ocr_carea' id='block_1_7' title="bbox 153 1489 356 1525">
    <p class='ocr_par' dir='ltr' id='par_1_7' title="bbox 153 1489 356 1525">
     <span class='ocr_line' id='line_1_23' title="bbox 153 1489 356 1525; baseline -0.005 0"><span class='ocrx_word' id='word_1_248' title='bbox 153 1489 356 1525; x_wconf 89' lang='lat' dir='ltr'>confirmat.</span> 
     </span>
    </p>
   </div>
   <div class='ocr_carea' id='block_1_8' title="bbox 219 1562 2087 2704">
    <p class='ocr_par' dir='ltr' id='par_1_8' title="bbox 223 1562 1372 1609">
     <span class='ocr_line' id='line_1_24' title="bbox 223 1562 1372 1609; baseline -0.001 -10"><span class='ocrx_word' id='word_1_249' title='bbox 223 1563 376 1599; x_wconf 84' lang='lat' dir='ltr'>Casinas</span> <span class='ocrx_word' id='word_1_250' title='bbox 401 1563 469 1599; x_wconf 89' lang='grc'>522</span> <span class='ocrx_word' id='word_1_251' title='bbox 494 1563 634 1609; x_wconf 91' lang='lat' dir='ltr'>pendet</span> <span class='ocrx_word' id='word_1_252' title='bbox 660 1575 703 1598; x_wconf 86' lang='lat' dir='ltr'>ex</span> <span class='ocrx_word' id='word_1_253' title='bbox 729 1563 928 1599; x_wconf 89' lang='lat' dir='ltr'>Hincmaro</span> <span class='ocrx_word' id='word_1_254' title='bbox 953 1564 1078 1608; x_wconf 90' lang='lat' dir='ltr'>(supra</span> <span class='ocrx_word' id='word_1_255' title='bbox 1102 1574 1138 1607; x_wconf 89' lang='lat' dir='ltr'>p.</span> <span class='ocrx_word' id='word_1_256' title='bbox 1157 1562 1372 1607; x_wconf 85' lang='lat' dir='ltr'>LXXXIX).</span> 
     </span>
    </p>

    <p class='ocr_par' dir='ltr' id='par_1_9' title="bbox 223 1620 1646 1667">
     <span class='ocr_line' id='line_1_25' title="bbox 223 1620 1646 1667; baseline 0 -11"><span class='ocrx_word' id='word_1_257' title='bbox 223 1620 538 1667; x_wconf 84' lang='lat' dir='ltr'>Guelferbytanus</span> <span class='ocrx_word' id='word_1_258' title='bbox 562 1621 872 1658; x_wconf 84' lang='lat' dir='ltr'>Hehnstadiensis</span> <span class='ocrx_word' id='word_1_259' title='bbox 900 1621 989 1656; x_wconf 89' lang='grc'>1164</span> <span class='ocrx_word' id='word_1_260' title='bbox 1015 1620 1149 1664; x_wconf 86' lang='grc'>(1062);</span> <span class='ocrx_word' id='word_1_261' title='bbox 1178 1620 1316 1656; x_wconf 88' lang='lat' dir='ltr'>Conrat</span> <span class='ocrx_word' id='word_1_262' title='bbox 1345 1620 1495 1665; x_wconf 38' lang='lat' dir='ltr'>quellen</span> <span class='ocrx_word' id='word_1_263' title='bbox 1522 1621 1551 1663; x_wconf 93' lang='lat'>1,</span> <span class='ocrx_word' id='word_1_264' title='bbox 1569 1621 1646 1656; x_wconf 87' lang='grc'>228.</span> 
     </span>
    </p>

    <p class='ocr_par' dir='ltr' id='par_1_10' title="bbox 221 1677 1137 1714">
     <span class='ocr_line' id='line_1_26' title="bbox 221 1677 1137 1714; baseline 0 -1"><span class='ocrx_word' id='word_1_265' title='bbox 221 1678 410 1713; x_wconf 84' lang='lat' dir='ltr'>Parisinus</span> <span class='ocrx_word' id='word_1_266' title='bbox 437 1679 526 1714; x_wconf 87' lang='lat'>1730</span> <span class='ocrx_word' id='word_1_267' title='bbox 551 1690 646 1714; x_wconf 88' lang='lat' dir='ltr'>saec.</span> <span class='ocrx_word' id='word_1_268' title='bbox 665 1678 769 1713; x_wconf 87' lang='lat' dir='ltr'>XIV:</span> <span class='ocrx_word' id='word_1_269' title='bbox 795 1677 937 1713; x_wconf 86' lang='lat' dir='ltr'>Haenel</span> <span class='ocrx_word' id='word_1_270' title='bbox 963 1677 1063 1712; x_wconf 86' lang='lat' dir='ltr'>breV.</span> <span class='ocrx_word' id='word_1_271' title='bbox 1083 1678 1137 1713; x_wconf 87' lang='lat'>69.</span> 
     </span>
    </p>

    <p class='ocr_par' dir='ltr' id='par_1_11' title="bbox 219 1735 1576 1779">
     <span class='ocr_line' id='line_1_27' title="bbox 219 1735 1576 1779; baseline 0.001 -9"><span class='ocrx_word' id='word_1_272' title='bbox 219 1735 410 1771; x_wconf 86' lang='lat' dir='ltr'>Parisinus</span> <span class='ocrx_word' id='word_1_273' title='bbox 435 1736 523 1771; x_wconf 85' lang='lat'>3841</span> <span class='ocrx_word' id='word_1_274' title='bbox 551 1748 646 1772; x_wconf 88' lang='lat' dir='ltr'>saec.</span> <span class='ocrx_word' id='word_1_275' title='bbox 665 1736 698 1770; x_wconf 89' lang='lat' dir='ltr'>X</span> <span class='ocrx_word' id='word_1_276' title='bbox 723 1736 747 1771; x_wconf 89' lang='lat' dir='ltr'>f.</span> <span class='ocrx_word' id='word_1_277' title='bbox 769 1735 850 1771; x_wconf 80' lang='lat'>150:</span> <span class='ocrx_word' id='word_1_278' title='bbox 877 1736 945 1770; x_wconf 88' lang='lat' dir='ltr'>Th.</span> <span class='ocrx_word' id='word_1_279' title='bbox 963 1736 995 1777; x_wconf 88' lang='lat'>9,</span> <span class='ocrx_word' id='word_1_280' title='bbox 1015 1736 1072 1779; x_wconf 83' lang='lat'>45,</span> <span class='ocrx_word' id='word_1_281' title='bbox 1090 1736 1112 1769; x_wconf 88' lang='lat'>4</span> <span class='ocrx_word' id='word_1_282' title='bbox 1139 1735 1276 1770; x_wconf 90' lang='lat' dir='ltr'>Conrat</span> <span class='ocrx_word' id='word_1_283' title='bbox 1304 1735 1448 1779; x_wconf 76' lang='lat' dir='ltr'>Qnellen</span> <span class='ocrx_word' id='word_1_284' title='bbox 1475 1736 1504 1777; x_wconf 88' lang='lat'>1,</span> <span class='ocrx_word' id='word_1_285' title='bbox 1521 1736 1576 1771; x_wconf 88' lang='lat'>42.</span> 
     </span>
    </p>

    <p class='ocr_par' dir='ltr' id='par_1_12' title="bbox 221 1792 2087 2060">
     <span class='ocr_line' id='line_1_28' title="bbox 221 1792 2086 1839; baseline 0.001 -12"><span class='ocrx_word' id='word_1_286' title='bbox 221 1792 411 1829; x_wconf 87' lang='lat' dir='ltr'>Parisinus</span> <span class='ocrx_word' id='word_1_287' title='bbox 428 1794 520 1830; x_wconf 87' lang='lat'>4406</span> <span class='ocrx_word' id='word_1_288' title='bbox 544 1795 568 1829; x_wconf 91' lang='lat' dir='ltr'>f.</span> <span class='ocrx_word' id='word_1_289' title='bbox 584 1795 626 1830; x_wconf 88' lang='lat'>69</span> <span class='ocrx_word' id='word_1_290' title='bbox 636 1794 726 1828; x_wconf 91' lang='lat'>—72</span> <span class='ocrx_word' id='word_1_291' title='bbox 751 1805 846 1830; x_wconf 89' lang='lat' dir='ltr'>saec.</span> <span class='ocrx_word' id='word_1_292' title='bbox 862 1794 911 1828; x_wconf 90' lang='lat' dir='ltr'>IX</span> <span class='ocrx_word' id='word_1_293' title='bbox 929 1793 1104 1839; x_wconf 88' lang='lat' dir='ltr'>proponit</span> <span class='ocrx_word' id='word_1_294' title='bbox 1128 1793 1282 1828; x_wconf 89' lang='lat' dir='ltr'>titulum</span> <span class='ocrx_word' id='word_1_295' title='bbox 1301 1793 1332 1835; x_wconf 89' lang='lat'>3,</span> <span class='ocrx_word' id='word_1_296' title='bbox 1350 1794 1390 1828; x_wconf 93' lang='grc'>12</span> <span class='ocrx_word' id='word_1_297' title='bbox 1417 1793 1460 1828; x_wconf 89' lang='lat' dir='ltr'>de</span> <span class='ocrx_word' id='word_1_298' title='bbox 1486 1793 1637 1829; x_wconf 89' lang='lat' dir='ltr'>incestis</span> <span class='ocrx_word' id='word_1_299' title='bbox 1662 1793 1816 1838; x_wconf 75' lang='lat' dir='ltr'>nuptiis,</span> <span class='ocrx_word' id='word_1_300' title='bbox 1842 1793 2086 1839; x_wconf 83' lang='lat' dir='ltr'>praemittens</span> 
     </span>
     <span class='ocr_line' id='line_1_29' title="bbox 290 1850 2086 1897; baseline 0 -11"><span class='ocrx_word' id='word_1_301' title='bbox 290 1851 358 1886; x_wconf 90' lang='lat' dir='ltr'>sub</span> <span class='ocrx_word' id='word_1_302' title='bbox 383 1851 615 1897; x_wconf 88' lang='lat' dir='ltr'>praescripto</span> <span class='ocrx_word' id='word_1_303' title='bbox 643 1852 728 1888; x_wconf 86' lang='lat' dir='ltr'>‘iste</span> <span class='ocrx_word' id='word_1_304' title='bbox 754 1851 890 1887; x_wconf 79' lang='lat' dir='ltr'>titulus</span> <span class='ocrx_word' id='word_1_305' title='bbox 922 1854 978 1887; x_wconf 92' lang='lat' dir='ltr'>est</span> <span class='ocrx_word' id='word_1_306' title='bbox 1010 1851 1150 1897; x_wconf 87' lang='lat' dir='ltr'>primus</span> <span class='ocrx_word' id='word_1_307' title='bbox 1182 1851 1226 1887; x_wconf 92' lang='lat' dir='ltr'>de</span> <span class='ocrx_word' id='word_1_308' title='bbox 1252 1851 1402 1887; x_wconf 89' lang='lat' dir='ltr'>incestis</span> <span class='ocrx_word' id='word_1_309' title='bbox 1427 1851 1583 1895; x_wconf 86' lang='lat' dir='ltr'>nuptiis&#39;</span> <span class='ocrx_word' id='word_1_310' title='bbox 1607 1850 1828 1886; x_wconf 89' lang='lat' dir='ltr'>additiciam</span> <span class='ocrx_word' id='word_1_311' title='bbox 1853 1850 2086 1886; x_wconf 86' lang='lat' dir='ltr'>constitutio-</span> 
     </span>
     <span class='ocr_line' id='line_1_30' title="bbox 289 1906 2087 1955; baseline 0.001 -12"><span class='ocrx_word' id='word_1_312' title='bbox 289 1921 390 1951; x_wconf 89' lang='lat' dir='ltr'>nem,</span> <span class='ocrx_word' id='word_1_313' title='bbox 416 1921 512 1954; x_wconf 87' lang='lat' dir='ltr'>quae</span> <span class='ocrx_word' id='word_1_314' title='bbox 537 1909 648 1945; x_wconf 88' lang='lat' dir='ltr'>hodie</span> <span class='ocrx_word' id='word_1_315' title='bbox 674 1909 795 1955; x_wconf 91' lang='lat' dir='ltr'>prima</span> <span class='ocrx_word' id='word_1_316' title='bbox 819 1911 1051 1950; x_wconf 89' lang='lat' dir='ltr'>numeratur,</span> <span class='ocrx_word' id='word_1_317' title='bbox 1084 1908 1216 1944; x_wconf 90' lang='lat' dir='ltr'>deinde</span> <span class='ocrx_word' id='word_1_318' title='bbox 1245 1909 1312 1943; x_wconf 89' lang='lat' dir='ltr'>sub</span> <span class='ocrx_word' id='word_1_319' title='bbox 1338 1908 1487 1944; x_wconf 87' lang='lat' dir='ltr'>rubrica</span> <span class='ocrx_word' id='word_1_320' title='bbox 1510 1908 1576 1942; x_wconf 81' lang='lat' dir='ltr'>‘xii</span> <span class='ocrx_word' id='word_1_321' title='bbox 1601 1908 1661 1943; x_wconf 89' lang='lat' dir='ltr'>tit.</span> <span class='ocrx_word' id='word_1_322' title='bbox 1688 1909 1731 1944; x_wconf 91' lang='lat' dir='ltr'>de</span> <span class='ocrx_word' id='word_1_323' title='bbox 1757 1908 1908 1944; x_wconf 87' lang='lat' dir='ltr'>incestis</span> <span class='ocrx_word' id='word_1_324' title='bbox 1933 1906 2087 1954; x_wconf 81' lang='lat' dir='ltr'>nuptiis&#39;</span> 
     </span>
     <span class='ocr_line' id='line_1_31' title="bbox 291 1965 2086 2012; baseline 0 -11"><span class='ocrx_word' id='word_1_325' title='bbox 291 1967 576 2003; x_wconf 88' lang='lat' dir='ltr'>constitutiones</span> <span class='ocrx_word' id='word_1_326' title='bbox 607 1967 770 2012; x_wconf 88' lang='lat' dir='ltr'>reliquas</span> <span class='ocrx_word' id='word_1_327' title='bbox 803 1968 889 2002; x_wconf 93' lang='lat' dir='ltr'>tres.</span> <span class='ocrx_word' id='word_1_328' title='bbox 939 1966 1114 2011; x_wconf 88' lang='lat' dir='ltr'>Sequitur</span> <span class='ocrx_word' id='word_1_329' title='bbox 1138 1966 1257 2001; x_wconf 86' lang='lat' dir='ltr'>locus:</span> <span class='ocrx_word' id='word_1_330' title='bbox 1288 1965 1346 2001; x_wconf 87' lang='lat' dir='ltr'>‘de</span> <span class='ocrx_word' id='word_1_331' title='bbox 1378 1965 1530 2002; x_wconf 83' lang='lat' dir='ltr'>incestis</span> <span class='ocrx_word' id='word_1_332' title='bbox 1560 1965 1713 2010; x_wconf 89' lang='lat' dir='ltr'>nuptiis.</span> <span class='ocrx_word' id='word_1_333' title='bbox 1765 1965 1994 2011; x_wconf 84' lang='lat' dir='ltr'>Quicumque</span> <span class='ocrx_word' id='word_1_334' title='bbox 2020 1969 2086 2001; x_wconf 85' lang='lat' dir='ltr'>aut</span> 
     </span>
     <span class='ocr_line' id='line_1_32' title="bbox 289 2024 864 2060; baseline 0 -1"><span class='ocrx_word' id='word_1_335' title='bbox 289 2024 422 2060; x_wconf 89' lang='lat' dir='ltr'>sororis</span> <span class='ocrx_word' id='word_1_336' title='bbox 448 2050 456 2058; x_wconf 91' lang='lat'>.</span> <span class='ocrx_word' id='word_1_337' title='bbox 475 2052 482 2059; x_wconf 94' lang='lat'>.</span> <span class='ocrx_word' id='word_1_338' title='bbox 501 2052 508 2059; x_wconf 92' lang='lat'>.</span> <span class='ocrx_word' id='word_1_339' title='bbox 529 2052 536 2060; x_wconf 91' lang='lat'>.</span> <span class='ocrx_word' id='word_1_340' title='bbox 561 2025 764 2060; x_wconf 87' lang='lat' dir='ltr'>anathema</span> <span class='ocrx_word' id='word_1_341' title='bbox 789 2024 864 2060; x_wconf 89' lang='lat' dir='ltr'>sit’.</span> 
     </span>
    </p>

    <p class='ocr_par' dir='ltr' id='par_1_13' title="bbox 221 2081 938 2118">
     <span class='ocr_line' id='line_1_33' title="bbox 221 2081 938 2118; baseline 0.001 -2"><span class='ocrx_word' id='word_1_342' title='bbox 221 2081 411 2117; x_wconf 87' lang='lat' dir='ltr'>Parisinus</span> <span class='ocrx_word' id='word_1_343' title='bbox 435 2082 546 2117; x_wconf 82' lang='lat'>4482:</span> <span class='ocrx_word' id='word_1_344' title='bbox 571 2082 715 2118; x_wconf 89' lang='lat' dir='ltr'>Haenel</span> <span class='ocrx_word' id='word_1_345' title='bbox 739 2083 839 2118; x_wconf 88' lang='lat' dir='ltr'>brev.</span> <span class='ocrx_word' id='word_1_346' title='bbox 859 2082 938 2117; x_wconf 68' lang='lat'>70³.</span> 
     </span>
    </p>

    <p class='ocr_par' dir='ltr' id='par_1_14' title="bbox 221 2138 1879 2186">
     <span class='ocr_line' id='line_1_34' title="bbox 221 2138 1879 2186; baseline 0 -11"><span class='ocrx_word' id='word_1_347' title='bbox 221 2139 410 2175; x_wconf 88' lang='lat' dir='ltr'>Parisinus</span> <span class='ocrx_word' id='word_1_348' title='bbox 434 2140 527 2175; x_wconf 85' lang='lat'>4696</span> <span class='ocrx_word' id='word_1_349' title='bbox 552 2152 647 2176; x_wconf 90' lang='lat' dir='ltr'>saec.</span> <span class='ocrx_word' id='word_1_350' title='bbox 665 2140 771 2175; x_wconf 88' lang='lat' dir='ltr'>XIII:</span> <span class='ocrx_word' id='word_1_351' title='bbox 798 2139 940 2176; x_wconf 89' lang='lat' dir='ltr'>Haenel</span> <span class='ocrx_word' id='word_1_352' title='bbox 965 2140 1066 2176; x_wconf 88' lang='lat' dir='ltr'>brev.</span> <span class='ocrx_word' id='word_1_353' title='bbox 1082 2141 1126 2175; x_wconf 82' lang='lat'>52</span> <span class='ocrx_word' id='word_1_354' title='bbox 1153 2152 1236 2175; x_wconf 87' lang='lat' dir='ltr'>cum</span> <span class='ocrx_word' id='word_1_355' title='bbox 1262 2139 1481 2186; x_wconf 83' lang='lat' dir='ltr'>apographo</span> <span class='ocrx_word' id='word_1_356' title='bbox 1508 2138 1745 2174; x_wconf 88' lang='lat' dir='ltr'>Crameriano</span> <span class='ocrx_word' id='word_1_357' title='bbox 1770 2153 1805 2175; x_wconf 89' lang='lat' dir='ltr'>n.</span> <span class='ocrx_word' id='word_1_358' title='bbox 1823 2140 1879 2175; x_wconf 80' lang='lat'>59.</span> 
     </span>
    </p>

    <p class='ocr_par' dir='ltr' id='par_1_15' title="bbox 222 2196 2086 2300">
     <span class='ocr_line' id='line_1_35' title="bbox 222 2196 2086 2243; baseline -0.001 -10"><span class='ocrx_word' id='word_1_359' title='bbox 222 2197 411 2233; x_wconf 87' lang='lat' dir='ltr'>Parisinus</span> <span class='ocrx_word' id='word_1_360' title='bbox 427 2198 519 2234; x_wconf 83' lang='lat'>4697</span> <span class='ocrx_word' id='word_1_361' title='bbox 544 2209 639 2233; x_wconf 89' lang='lat' dir='ltr'>saec.</span> <span class='ocrx_word' id='word_1_362' title='bbox 658 2198 773 2243; x_wconf 83' lang='lat' dir='ltr'>IXsX:</span> <span class='ocrx_word' id='word_1_363' title='bbox 799 2198 942 2233; x_wconf 86' lang='lat' dir='ltr'>Haenel</span> <span class='ocrx_word' id='word_1_364' title='bbox 958 2199 1004 2233; x_wconf 86' lang='lat'>45</span> <span class='ocrx_word' id='word_1_365' title='bbox 1024 2214 1066 2227; x_wconf 90' lang='lat'><strong><em>=</em></strong></span> <span class='ocrx_word' id='word_1_366' title='bbox 1085 2199 1146 2240; x_wconf 90' lang='lat'>41;</span> <span class='ocrx_word' id='word_1_367' title='bbox 1173 2197 1325 2233; x_wconf 89' lang='lat' dir='ltr'>Zeumer</span> <span class='ocrx_word' id='word_1_368' title='bbox 1348 2198 1453 2233; x_wconf 86' lang='lat' dir='ltr'>form.</span> <span class='ocrx_word' id='word_1_369' title='bbox 1480 2209 1513 2242; x_wconf 90' lang='lat' dir='ltr'>p.</span> <span class='ocrx_word' id='word_1_370' title='bbox 1531 2197 1577 2232; x_wconf 91' lang='lat'>26</span> <span class='ocrx_word' id='word_1_371' title='bbox 1585 2211 1593 2239; x_wconf 83' lang='lat'><em>3</em></span> <span class='ocrx_word' id='word_1_372' title='bbox 1619 2197 1766 2243; x_wconf 89' lang='lat' dir='ltr'>plenius</span> <span class='ocrx_word' id='word_1_373' title='bbox 1787 2197 1924 2233; x_wconf 86' lang='lat' dir='ltr'>Conrat</span> <span class='ocrx_word' id='word_1_374' title='bbox 1944 2196 2086 2241; x_wconf 74' lang='lat' dir='ltr'>Quellen</span> 
     </span>
     <span class='ocr_line' id='line_1_36' title="bbox 293 2255 418 2300; baseline 0 -10"><span class='ocrx_word' id='word_1_375' title='bbox 293 2256 322 2300; x_wconf 93' lang='lat'>1,</span> <span class='ocrx_word' id='word_1_376' title='bbox 340 2255 418 2291; x_wconf 89' lang='grc'>221.</span> 
     </span>
    </p>

    <p class='ocr_par' dir='ltr' id='par_1_16' title="bbox 221 2313 1156 2359">
     <span class='ocr_line' id='line_1_37' title="bbox 221 2313 1156 2359; baseline -0.001 -10"><span class='ocrx_word' id='word_1_377' title='bbox 221 2313 410 2349; x_wconf 86' lang='lat' dir='ltr'>Parisinus</span> <span class='ocrx_word' id='word_1_378' title='bbox 433 2313 526 2350; x_wconf 89' lang='lat'>9710</span> <span class='ocrx_word' id='word_1_379' title='bbox 551 2315 638 2358; x_wconf 90' lang='lat' dir='ltr'>(non</span> <span class='ocrx_word' id='word_1_380' title='bbox 662 2314 786 2359; x_wconf 88' lang='lat'>7710):</span> <span class='ocrx_word' id='word_1_381' title='bbox 814 2314 956 2350; x_wconf 89' lang='lat' dir='ltr'>Haenel</span> <span class='ocrx_word' id='word_1_382' title='bbox 982 2315 1083 2350; x_wconf 89' lang='lat' dir='ltr'>brev.</span> <span class='ocrx_word' id='word_1_383' title='bbox 1102 2314 1156 2348; x_wconf 90' lang='lat'>70.</span> 
     </span>
    </p>

    <p class='ocr_par' dir='ltr' id='par_1_17' title="bbox 222 2370 2087 2532">
     <span class='ocr_line' id='line_1_38' title="bbox 222 2370 2087 2416; baseline -0.002 -9"><span class='ocrx_word' id='word_1_384' title='bbox 222 2371 462 2407; x_wconf 83' lang='lat' dir='ltr'>Taurinensis</span> <span class='ocrx_word' id='word_1_385' title='bbox 486 2373 513 2407; x_wconf 94' lang='lat' dir='ltr'>I.</span> <span class='ocrx_word' id='word_1_386' title='bbox 539 2372 602 2407; x_wconf 92' lang='lat' dir='ltr'>IV.</span> <span class='ocrx_word' id='word_1_387' title='bbox 621 2373 665 2407; x_wconf 88' lang='lat'>27</span> <span class='ocrx_word' id='word_1_388' title='bbox 692 2373 818 2416; x_wconf 89' lang='lat' dir='ltr'>(antea</span> <span class='ocrx_word' id='word_1_389' title='bbox 843 2373 887 2407; x_wconf 91' lang='lat' dir='ltr'>H.</span> <span class='ocrx_word' id='word_1_390' title='bbox 906 2373 969 2407; x_wconf 86' lang='lat' dir='ltr'>VI.</span> <span class='ocrx_word' id='word_1_391' title='bbox 987 2372 1067 2416; x_wconf 89' lang='lat'>24):</span> <span class='ocrx_word' id='word_1_392' title='bbox 1091 2371 1234 2407; x_wconf 88' lang='lat' dir='ltr'>Haenel</span> <span class='ocrx_word' id='word_1_393' title='bbox 1259 2371 1305 2406; x_wconf 83' lang='lat'>48</span> <span class='ocrx_word' id='word_1_394' title='bbox 1326 2387 1367 2400; x_wconf 91' lang='lat'><strong><em>=</em></strong></span> <span class='ocrx_word' id='word_1_395' title='bbox 1385 2372 1431 2405; x_wconf 87' lang='lat'>44</span> <span class='ocrx_word' id='word_1_396' title='bbox 1455 2373 1494 2406; x_wconf 92' lang='lat' dir='ltr'>et</span> <span class='ocrx_word' id='word_1_397' title='bbox 1519 2370 1730 2406; x_wconf 83' lang='lat' dir='ltr'>accuratius</span> <span class='ocrx_word' id='word_1_398' title='bbox 1748 2370 1902 2406; x_wconf 85' lang='lat' dir='ltr'>Patetta</span> <span class='ocrx_word' id='word_1_399' title='bbox 1921 2370 2087 2405; x_wconf 75' lang='lat' dir='ltr'>Archivio</span> 
     </span>
     <span class='ocr_line' id='line_1_39' title="bbox 290 2427 2086 2475; baseline -0.001 -12"><span class='ocrx_word' id='word_1_400' title='bbox 290 2429 470 2475; x_wconf 73' lang='lat' dir='ltr'>yiuridico</span> <span class='ocrx_word' id='word_1_401' title='bbox 498 2430 568 2465; x_wconf 89' lang='lat' dir='ltr'>vol.</span> <span class='ocrx_word' id='word_1_402' title='bbox 585 2431 629 2464; x_wconf 91' lang='lat'>47</span> <span class='ocrx_word' id='word_1_403' title='bbox 656 2430 774 2475; x_wconf 82' lang='lat'>(1891)</span> <span class='ocrx_word' id='word_1_404' title='bbox 800 2442 835 2475; x_wconf 91' lang='lat' dir='ltr'>p.</span> <span class='ocrx_word' id='word_1_405' title='bbox 853 2430 909 2465; x_wconf 83' lang='lat'>39.</span> <span class='ocrx_word' id='word_1_406' title='bbox 959 2430 1048 2465; x_wconf 90' lang='lat' dir='ltr'>Post</span> <span class='ocrx_word' id='word_1_407' title='bbox 1073 2429 1258 2464; x_wconf 86' lang='lat' dir='ltr'>Iulianum</span> <span class='ocrx_word' id='word_1_408' title='bbox 1289 2429 1416 2464; x_wconf 89' lang='lat' dir='ltr'>insunt</span> <span class='ocrx_word' id='word_1_409' title='bbox 1441 2431 1618 2473; x_wconf 83' lang='lat' dir='ltr'>excerpta</span> <span class='ocrx_word' id='word_1_410' title='bbox 1650 2440 1694 2463; x_wconf 81' lang='lat' dir='ltr'>ex</span> <span class='ocrx_word' id='word_1_411' title='bbox 1719 2427 1913 2463; x_wconf 88' lang='lat' dir='ltr'>breviario.</span> <span class='ocrx_word' id='word_1_412' title='bbox 1964 2427 2086 2463; x_wconf 82' lang='lat' dir='ltr'>Codex</span> 
     </span>
     <span class='ocr_line' id='line_1_40' title="bbox 292 2485 1683 2532; baseline -0.001 -10"><span class='ocrx_word' id='word_1_413' title='bbox 292 2497 335 2522; x_wconf 87' lang='lat' dir='ltr'>eo</span> <span class='ocrx_word' id='word_1_414' title='bbox 359 2487 437 2522; x_wconf 89' lang='lat' dir='ltr'>solo</span> <span class='ocrx_word' id='word_1_415' title='bbox 461 2486 609 2522; x_wconf 89' lang='lat' dir='ltr'>nomine</span> <span class='ocrx_word' id='word_1_416' title='bbox 634 2487 815 2523; x_wconf 88' lang='lat' dir='ltr'>notabilis</span> <span class='ocrx_word' id='word_1_417' title='bbox 841 2490 908 2529; x_wconf 90' lang='lat' dir='ltr'>est,</span> <span class='ocrx_word' id='word_1_418' title='bbox 935 2487 1034 2531; x_wconf 88' lang='lat' dir='ltr'>quod</span> <span class='ocrx_word' id='word_1_419' title='bbox 1059 2486 1214 2532; x_wconf 86' lang='lat' dir='ltr'>originis</span> <span class='ocrx_word' id='word_1_420' title='bbox 1240 2485 1389 2521; x_wconf 85' lang='lat' dir='ltr'>videtur</span> <span class='ocrx_word' id='word_1_421' title='bbox 1414 2497 1491 2521; x_wconf 87' lang='lat' dir='ltr'>esse</span> <span class='ocrx_word' id='word_1_422' title='bbox 1518 2485 1683 2521; x_wconf 87' lang='lat' dir='ltr'>Italicae.</span> 
     </span>
    </p>

    <p class='ocr_par' dir='ltr' id='par_1_18' title="bbox 222 2543 1334 2590">
     <span class='ocr_line' id='line_1_41' title="bbox 222 2543 1334 2590; baseline -0.001 -11"><span class='ocrx_word' id='word_1_423' title='bbox 222 2544 430 2580; x_wconf 88' lang='lat' dir='ltr'>Vaticanus</span> <span class='ocrx_word' id='word_1_424' title='bbox 453 2544 606 2590; x_wconf 88' lang='lat' dir='ltr'>reginae</span> <span class='ocrx_word' id='word_1_425' title='bbox 630 2545 714 2580; x_wconf 84' lang='lat'>379:</span> <span class='ocrx_word' id='word_1_426' title='bbox 740 2545 917 2581; x_wconf 90' lang='lat' dir='ltr'>Haubold</span> <span class='ocrx_word' id='word_1_427' title='bbox 942 2557 1066 2590; x_wconf 90' lang='lat' dir='ltr'>opusc.</span> <span class='ocrx_word' id='word_1_428' title='bbox 1083 2545 1104 2579; x_wconf 92' lang='grc'>2</span> <span class='ocrx_word' id='word_1_429' title='bbox 1131 2556 1167 2589; x_wconf 91' lang='lat' dir='ltr'>p.</span> <span class='ocrx_word' id='word_1_430' title='bbox 1187 2543 1334 2579; x_wconf 85' lang='lat' dir='ltr'>CXVII.</span> 
     </span>
    </p>

    <p class='ocr_par' dir='ltr' id='par_1_19' title="bbox 222 2601 1257 2648">
     <span class='ocr_line' id='line_1_42' title="bbox 222 2601 1257 2648; baseline -0.001 -11"><span class='ocrx_word' id='word_1_431' title='bbox 222 2601 430 2637; x_wconf 87' lang='lat' dir='ltr'>Vaticanus</span> <span class='ocrx_word' id='word_1_432' title='bbox 454 2602 606 2648; x_wconf 87' lang='lat' dir='ltr'>reginae</span> <span class='ocrx_word' id='word_1_433' title='bbox 631 2602 699 2637; x_wconf 88' lang='grc'>982</span> <span class='ocrx_word' id='word_1_434' title='bbox 724 2614 820 2638; x_wconf 89' lang='lat' dir='ltr'>saec.</span> <span class='ocrx_word' id='word_1_435' title='bbox 840 2602 890 2637; x_wconf 87' lang='lat' dir='ltr'>X:</span> <span class='ocrx_word' id='word_1_436' title='bbox 916 2603 1058 2638; x_wconf 88' lang='lat' dir='ltr'>Haenel</span> <span class='ocrx_word' id='word_1_437' title='bbox 1082 2602 1183 2637; x_wconf 78' lang='lat' dir='ltr'>brev,</span> <span class='ocrx_word' id='word_1_438' title='bbox 1203 2602 1257 2636; x_wconf 83' lang='lat'>68.</span> 
     </span>
    </p>

    <p class='ocr_par' dir='ltr' id='par_1_20' title="bbox 221 2658 1347 2704">
     <span class='ocr_line' id='line_1_43' title="bbox 221 2658 1347 2704; baseline 0 -10"><span class='ocrx_word' id='word_1_439' title='bbox 221 2658 518 2695; x_wconf 89' lang='lat' dir='ltr'>Vindobonensis</span> <span class='ocrx_word' id='word_1_440' title='bbox 541 2659 628 2695; x_wconf 89' lang='lat'>406:</span> <span class='ocrx_word' id='word_1_441' title='bbox 656 2658 724 2695; x_wconf 89' lang='lat' dir='ltr'>Th.</span> <span class='ocrx_word' id='word_1_442' title='bbox 744 2661 777 2702; x_wconf 92' lang='lat'>4,</span> <span class='ocrx_word' id='word_1_443' title='bbox 796 2661 827 2702; x_wconf 92' lang='lat'>7,</span> <span class='ocrx_word' id='word_1_444' title='bbox 847 2661 876 2702; x_wconf 92' lang='lat'>1,</span> <span class='ocrx_word' id='word_1_445' title='bbox 904 2659 1042 2696; x_wconf 86' lang='lat' dir='ltr'>Com-at</span> <span class='ocrx_word' id='word_1_446' title='bbox 1070 2659 1219 2704; x_wconf 73' lang='lat' dir='ltr'>Quellen</span> <span class='ocrx_word' id='word_1_447' title='bbox 1245 2662 1274 2701; x_wconf 92' lang='lat'>1,</span> <span class='ocrx_word' id='word_1_448' title='bbox 1292 2659 1347 2694; x_wconf 87' lang='lat'>42.</span> 
     </span>
    </p>
   </div>
   <div class='ocr_carea' id='block_1_9' title="bbox 664 2837 1584 2881">
    <p class='ocr_par' dir='ltr' id='par_1_21' title="bbox 664 2837 1584 2881">
     <span class='ocr_line' id='line_1_44' title="bbox 664 2837 1584 2881; baseline -0.002 0"><span class='ocrx_word' id='word_1_449' title='bbox 664 2839 741 2881; x_wconf 92' lang='lat' dir='ltr'>IV.</span> <span class='ocrx_word' id='word_1_450' title='bbox 773 2838 1095 2881; x_wconf 85' lang='lat' dir='ltr'>EXCERPTA</span> <span class='ocrx_word' id='word_1_451' title='bbox 1125 2838 1207 2880; x_wconf 91' lang='lat' dir='ltr'>EX</span> <span class='ocrx_word' id='word_1_452' title='bbox 1237 2837 1584 2881; x_wconf 83' lang='lat' dir='ltr'>BREVIARIO.</span> 
     </span>
    </p>
   </div>
   <div class='ocr_carea' id='block_1_10' title="bbox 154 2925 2086 3376">
    <p class='ocr_par' dir='ltr' id='par_1_22' title="bbox 154 2925 2086 3376">
     <span class='ocr_line' id='line_1_45' title="bbox 269 2925 2085 2975; baseline -0.002 -11"><span class='ocrx_word' id='word_1_453' title='bbox 269 2928 455 2975; x_wconf 84' lang='lat' dir='ltr'>Excerpta</span> <span class='ocrx_word' id='word_1_454' title='bbox 482 2941 525 2965; x_wconf 85' lang='lat' dir='ltr'>ex</span> <span class='ocrx_word' id='word_1_455' title='bbox 544 2929 800 2965; x_wconf 89' lang='lat' dir='ltr'>Theodosiano</span> <span class='ocrx_word' id='word_1_456' title='bbox 826 2930 937 2975; x_wconf 90' lang='lat' dir='ltr'>pleno</span> <span class='ocrx_word' id='word_1_457' title='bbox 963 2941 1058 2974; x_wconf 86' lang='lat' dir='ltr'>quae</span> <span class='ocrx_word' id='word_1_458' title='bbox 1082 2930 1272 2974; x_wconf 53' lang='lat' dir='ltr'>habemus</span> <span class='ocrx_word' id='word_1_459' title='bbox 1297 2941 1409 2974; x_wconf 90' lang='lat' dir='ltr'>supra</span> <span class='ocrx_word' id='word_1_460' title='bbox 1427 2927 1606 2968; x_wconf 86' lang='lat' dir='ltr'>tractavi;</span> <span class='ocrx_word' id='word_1_461' title='bbox 1633 2929 1809 2972; x_wconf 79' lang='lat' dir='ltr'>excerpta</span> <span class='ocrx_word' id='word_1_462' title='bbox 1835 2938 1878 2962; x_wconf 84' lang='lat' dir='ltr'>ex</span> <span class='ocrx_word' id='word_1_463' title='bbox 1896 2925 2085 2962; x_wconf 87' lang='lat' dir='ltr'>Breviario</span> 
     </span>
     <span class='ocr_line' id='line_1_46' title="bbox 155 2983 2086 3033; baseline -0.002 -12"><span class='ocrx_word' id='word_1_464' title='bbox 155 2986 203 3021; x_wconf 90' lang='lat' dir='ltr'>ab</span> <span class='ocrx_word' id='word_1_465' title='bbox 230 2986 371 3023; x_wconf 90' lang='lat' dir='ltr'>editore</span> <span class='ocrx_word' id='word_1_466' title='bbox 396 2987 648 3023; x_wconf 90' lang='lat' dir='ltr'>Theodosiani</span> <span class='ocrx_word' id='word_1_467' title='bbox 674 2987 924 3033; x_wconf 88' lang='lat' dir='ltr'>praetermitti</span> <span class='ocrx_word' id='word_1_468' title='bbox 953 2990 1173 3032; x_wconf 89' lang='lat' dir='ltr'>potuerunt,</span> <span class='ocrx_word' id='word_1_469' title='bbox 1206 2986 1350 3021; x_wconf 92' lang='lat' dir='ltr'>codices</span> <span class='ocrx_word' id='word_1_470' title='bbox 1379 2985 1477 3021; x_wconf 88' lang='lat' dir='ltr'>enim</span> <span class='ocrx_word' id='word_1_471' title='bbox 1503 2988 1541 3020; x_wconf 91' lang='lat' dir='ltr'>et</span> <span class='ocrx_word' id='word_1_472' title='bbox 1566 2987 1692 3019; x_wconf 84' lang='lat' dir='ltr'>aetate</span> <span class='ocrx_word' id='word_1_473' title='bbox 1717 2995 1784 3019; x_wconf 88' lang='lat' dir='ltr'>sua</span> <span class='ocrx_word' id='word_1_474' title='bbox 1809 2987 1847 3019; x_wconf 91' lang='lat' dir='ltr'>et</span> <span class='ocrx_word' id='word_1_475' title='bbox 1873 2983 2012 3018; x_wconf 85' lang='lat' dir='ltr'>virtute</span> <span class='ocrx_word' id='word_1_476' title='bbox 2038 2983 2086 3018; x_wconf 89' lang='lat' dir='ltr'>ad</span> 
     </span>
     <span class='ocr_line' id='line_1_47' title="bbox 155 3040 2086 3080; baseline -0.002 -2"><span class='ocrx_word' id='word_1_477' title='bbox 155 3045 301 3079; x_wconf 82' lang='lat' dir='ltr'>textum</span> <span class='ocrx_word' id='word_1_478' title='bbox 326 3043 592 3080; x_wconf 88' lang='lat' dir='ltr'>stabiliendum</span> <span class='ocrx_word' id='word_1_479' title='bbox 617 3044 816 3080; x_wconf 88' lang='lat' dir='ltr'>sufficiunt.</span> <span class='ocrx_word' id='word_1_480' title='bbox 867 3045 925 3079; x_wconf 92' lang='lat' dir='ltr'>Ad</span> <span class='ocrx_word' id='word_1_481' title='bbox 955 3056 1060 3079; x_wconf 82' lang='lat' dir='ltr'>usum</span> <span class='ocrx_word' id='word_1_482' title='bbox 1093 3047 1219 3080; x_wconf 90' lang='lat' dir='ltr'>autem</span> <span class='ocrx_word' id='word_1_483' title='bbox 1251 3044 1431 3078; x_wconf 88' lang='lat' dir='ltr'>forensem</span> <span class='ocrx_word' id='word_1_484' title='bbox 1462 3042 1552 3077; x_wconf 86' lang='lat' dir='ltr'>iuris</span> <span class='ocrx_word' id='word_1_485' title='bbox 1577 3041 1733 3077; x_wconf 88' lang='lat' dir='ltr'>Romani</span> <span class='ocrx_word' id='word_1_486' title='bbox 1765 3040 2086 3077; x_wconf 85' lang='lat' dir='ltr'>determinandum</span> 
     </span>
     <span class='ocr_line' id='line_1_48' title="bbox 156 3098 2084 3146; baseline -0.002 -11"><span class='ocrx_word' id='word_1_487' title='bbox 156 3100 247 3145; x_wconf 90' lang='lat' dir='ltr'>quid</span> <span class='ocrx_word' id='word_1_488' title='bbox 270 3104 448 3146; x_wconf 86' lang='lat' dir='ltr'>excerpta</span> <span class='ocrx_word' id='word_1_489' title='bbox 472 3101 541 3136; x_wconf 88' lang='lat' dir='ltr'>illa</span> <span class='ocrx_word' id='word_1_490' title='bbox 566 3102 769 3143; x_wconf 88' lang='lat' dir='ltr'>conferant,</span> <span class='ocrx_word' id='word_1_491' title='bbox 795 3114 839 3137; x_wconf 90' lang='lat' dir='ltr'>ea</span> <span class='ocrx_word' id='word_1_492' title='bbox 858 3101 1028 3146; x_wconf 87' lang='lat' dir='ltr'>quaestio</span> <span class='ocrx_word' id='word_1_493' title='bbox 1055 3113 1138 3136; x_wconf 90' lang='lat' dir='ltr'>cum</span> <span class='ocrx_word' id='word_1_494' title='bbox 1163 3099 1383 3145; x_wconf 90' lang='lat' dir='ltr'>praesertim</span> <span class='ocrx_word' id='word_1_495' title='bbox 1407 3111 1480 3135; x_wconf 89' lang='lat' dir='ltr'>non</span> <span class='ocrx_word' id='word_1_496' title='bbox 1505 3099 1542 3133; x_wconf 91' lang='lat' dir='ltr'>in</span> <span class='ocrx_word' id='word_1_497' title='bbox 1562 3098 1819 3134; x_wconf 87' lang='lat' dir='ltr'>Theodosiano</span> <span class='ocrx_word' id='word_1_498' title='bbox 1840 3098 2084 3139; x_wconf 87' lang='lat' dir='ltr'>contineatur,</span> 
     </span>
     <span class='ocr_line' id='line_1_49' title="bbox 155 3156 2084 3204; baseline -0.001 -12"><span class='ocrx_word' id='word_1_499' title='bbox 155 3157 221 3193; x_wconf 88' lang='lat' dir='ltr'>sed</span> <span class='ocrx_word' id='word_1_500' title='bbox 244 3157 341 3193; x_wconf 86' lang='lat' dir='ltr'>alias</span> <span class='ocrx_word' id='word_1_501' title='bbox 366 3169 512 3202; x_wconf 88' lang='lat' dir='ltr'>quoque</span> <span class='ocrx_word' id='word_1_502' title='bbox 528 3158 710 3194; x_wconf 88' lang='lat' dir='ltr'>Breviarii</span> <span class='ocrx_word' id='word_1_503' title='bbox 735 3162 871 3204; x_wconf 88' lang='lat' dir='ltr'>partes,</span> <span class='ocrx_word' id='word_1_504' title='bbox 898 3158 1009 3193; x_wconf 89' lang='lat' dir='ltr'>immo</span> <span class='ocrx_word' id='word_1_505' title='bbox 1035 3158 1117 3193; x_wconf 89' lang='lat' dir='ltr'>iura</span> <span class='ocrx_word' id='word_1_506' title='bbox 1141 3158 1315 3204; x_wconf 87' lang='lat' dir='ltr'>legesque</span> <span class='ocrx_word' id='word_1_507' title='bbox 1333 3156 1581 3192; x_wconf 90' lang='lat' dir='ltr'>Romanorum</span> <span class='ocrx_word' id='word_1_508' title='bbox 1606 3156 1778 3191; x_wconf 81' lang='lat' dir='ltr'>universa</span> <span class='ocrx_word' id='word_1_509' title='bbox 1803 3156 2084 3200; x_wconf 88' lang='lat' dir='ltr'>complectatur,</span> 
     </span>
     <span class='ocr_line' id='line_1_50' title="bbox 154 3212 2084 3260; baseline -0.001 -11"><span class='ocrx_word' id='word_1_510' title='bbox 154 3216 344 3250; x_wconf 86' lang='lat' dir='ltr'>reservata</span> <span class='ocrx_word' id='word_1_511' title='bbox 368 3217 425 3251; x_wconf 87' lang='lat' dir='ltr'>est</span> <span class='ocrx_word' id='word_1_512' title='bbox 450 3215 651 3260; x_wconf 88' lang='lat' dir='ltr'>appendici</span> <span class='ocrx_word' id='word_1_513' title='bbox 674 3216 726 3259; x_wconf 88' lang='lat' dir='ltr'>ei,</span> <span class='ocrx_word' id='word_1_514' title='bbox 758 3228 870 3260; x_wconf 87' lang='lat' dir='ltr'>quam</span> <span class='ocrx_word' id='word_1_515' title='bbox 901 3215 1021 3251; x_wconf 89' lang='lat' dir='ltr'>socius</span> <span class='ocrx_word' id='word_1_516' title='bbox 1047 3214 1167 3260; x_wconf 88' lang='lat' dir='ltr'>operis</span> <span class='ocrx_word' id='word_1_517' title='bbox 1186 3214 1357 3250; x_wconf 86' lang='lat' dir='ltr'>Alfredus</span> <span class='ocrx_word' id='word_1_518' title='bbox 1374 3213 1599 3249; x_wconf 86' lang='lat' dir='ltr'>Wretschko</span> <span class='ocrx_word' id='word_1_519' title='bbox 1628 3213 1666 3248; x_wconf 92' lang='lat' dir='ltr'>in</span> <span class='ocrx_word' id='word_1_520' title='bbox 1697 3224 1734 3248; x_wconf 89' lang='lat' dir='ltr'>se</span> <span class='ocrx_word' id='word_1_521' title='bbox 1762 3212 1918 3258; x_wconf 86' lang='lat' dir='ltr'>recepit.</span> <span class='ocrx_word' id='word_1_522' title='bbox 1967 3212 2084 3253; x_wconf 85' lang='lat' dir='ltr'>Quam</span> 
     </span>
     <span class='ocr_line' id='line_1_51' title="bbox 156 3269 2084 3318; baseline -0.001 -12"><span class='ocrx_word' id='word_1_523' title='bbox 156 3271 203 3306; x_wconf 94' lang='lat' dir='ltr'>ob</span> <span class='ocrx_word' id='word_1_524' title='bbox 226 3283 305 3307; x_wconf 89' lang='lat' dir='ltr'>rem</span> <span class='ocrx_word' id='word_1_525' title='bbox 334 3272 406 3307; x_wconf 89' lang='lat' dir='ltr'>hoc</span> <span class='ocrx_word' id='word_1_526' title='bbox 430 3272 512 3308; x_wconf 89' lang='lat' dir='ltr'>loco</span> <span class='ocrx_word' id='word_1_527' title='bbox 541 3285 585 3309; x_wconf 89' lang='lat' dir='ltr'>ea</span> <span class='ocrx_word' id='word_1_528' title='bbox 609 3276 757 3308; x_wconf 88' lang='lat' dir='ltr'>tantum</span> <span class='ocrx_word' id='word_1_529' title='bbox 783 3273 946 3309; x_wconf 85' lang='lat' dir='ltr'>breviter</span> <span class='ocrx_word' id='word_1_530' title='bbox 972 3284 1169 3318; x_wconf 82' lang='lat' dir='ltr'>exponam,</span> <span class='ocrx_word' id='word_1_531' title='bbox 1201 3283 1296 3316; x_wconf 88' lang='lat' dir='ltr'>quae</span> <span class='ocrx_word' id='word_1_532' title='bbox 1328 3283 1411 3307; x_wconf 90' lang='lat' dir='ltr'>cum</span> <span class='ocrx_word' id='word_1_533' title='bbox 1437 3271 1597 3307; x_wconf 87' lang='lat' dir='ltr'>editores</span> <span class='ocrx_word' id='word_1_534' title='bbox 1622 3270 1760 3316; x_wconf 89' lang='lat' dir='ltr'>priores</span> <span class='ocrx_word' id='word_1_535' title='bbox 1785 3269 1925 3315; x_wconf 87' lang='lat' dir='ltr'>passim</span> <span class='ocrx_word' id='word_1_536' title='bbox 1950 3269 2084 3316; x_wconf 85' lang='lat' dir='ltr'>tetige-</span> 
     </span>
     <span class='ocr_line' id='line_1_52' title="bbox 155 3324 1060 3376; baseline 0.001 -12"><span class='ocrx_word' id='word_1_537' title='bbox 155 3324 241 3372; x_wconf 75' lang='lat' dir='ltr'>rint,</span> <span class='ocrx_word' id='word_1_538' title='bbox 265 3340 339 3365; x_wconf 89' lang='lat' dir='ltr'>non</span> <span class='ocrx_word' id='word_1_539' title='bbox 363 3329 588 3367; x_wconf 87' lang='lat' dir='ltr'>videbantur</span> <span class='ocrx_word' id='word_1_540' title='bbox 614 3334 696 3366; x_wconf 89' lang='lat' dir='ltr'>tota</span> <span class='ocrx_word' id='word_1_541' title='bbox 720 3330 918 3376; x_wconf 86' lang='lat' dir='ltr'>praeteriri</span> <span class='ocrx_word' id='word_1_542' title='bbox 943 3342 1060 3376; x_wconf 84' lang='lat' dir='ltr'>posse.</span> 
     </span>
    </p>
   </div>
  </div>
 </body>
</html>
