2501 3615
939 174 982 179 —
1032 152 1227 189 CCCXVII
1277 172 1319 177 -

170 273 200 296 c.
218 260 261 294 24
288 260 437 306 (11.619)
461 258 522 293 sed
545 261 576 292 et
600 257 686 301 quia
712 278 754 282 ——
778 267 899 291 sacrae
922 257 1012 301 16963
1037 256 1171 299 dicunt,
1197 255 1286 300 quia
1308 254 1478 290 ‘convinci
1502 265 1603 289 nemo
1626 275 1669 279 -—
1692 255 1815 298 potest‘
1841 271 1882 284 =
1908 256 1966 290 Br.
1988 256 2092 291 Paul.

584 315 626 357 V,
643 315 709 353 5.3
735 314 771 349 in
798 315 879 349 fine.

468 377 509 407 ut
530 372 693 407 ‘delatori
719 392 760 397 —
786 371 999 416 amputetur'
1024 372 1086 406 cfr.
1114 370 1180 416 Ep.
1201 370 1315 406 Paris.
1343 370 1410 405 Th.
1430 369 1472 413 X,
1491 370 1559 410 5,1
1587 369 1623 404 in
1651 382 1702 415 pr.

170 446 199 469 c.
217 433 261 468 25
287 434 336 478 (p.
353 433 434 474 620)
462 435 495 466 et
511 441 636 466 sacrae
653 431 744 476 16963
759 430 893 473 dicunt,
913 431 999 474 quia
1015 430 1128 464 ‘nemo
1144 429 1306 463 conr-inci
1326 448 1364 453 -
1383 427 1541 463 testibus’
1559 443 1600 456 =
1619 427 1677 462 Br.
1693 427 1796 462 Paul.
1814 427 1855 469 V,
1871 431 1900 469 5,
1917 430 1937 462 3
1957 428 1994 463 in
2014 429 2092 463 fine.

467 493 497 524 et
523 490 599 523 item
625 498 749 523 sacrae
773 488 859 534 16963
882 487 1005 521 dicunt
1032 503 1072 516 =
1098 487 1157 521 ΒΥ.
1177 486 1244 521 Th.
1265 487 1326 528 XI,
1348 487 1399 527 14,
1418 487 1438 520 2
1464 485 1530 521 int.

169 561 200 585 c.
217 551 262 584 28
287 551 335 594 (p.
355 549 436 590 625)
463 551 494 582 61
518 547 579 581 hoc
603 566 645 571 —
670 546 812 590 legimus
837 545 899 580 cfr.
927 546 982 579 Br.
1003 544 1070 579 Th.
1089 545 1115 585 Ι,
1134 544 1166 584 2,
1183 545 1214 579 4.

169 619 199 642 c.
218 607 262 641 30
288 608 337 652 (p.
356 606 437 649 630)
462 615 584 639 sacrae
596 604 725 648 quippe
743 604 830 648 16963
845 623 885 628 ——
901 602 1023 636 dieunt
1036 602 1133 646 ‘quia
1152 602 1229 636 iure
1249 621 1284 626 —-
1301 601 1482 642 confessus
1496 600 1557 634 est’
1574 616 1614 629 =
1632 600 1769 635 Br.Th.
1785 601 1845 642 IX,
1860 601 1888 642 1,
1907 602 1944 635 11
1961 600 1997 636 in
2012 601 2093 636 fine.

466 666 496 697 et
520 663 617 696 item:
640 661 742 697 ‘Xon
766 659 974 695 credendum
1003 680 1040 684 —
1064 655 1249 703 fflofessio'
1273 674 1315 688 =
1341 659 1400 692 Br.
1420 658 1486 692 Th.
1507 657 1569 700 IX,
1592 660 1619 700 1,
1639 658 1657 692 7
1684 657 1750 692 int.

466 723 496 754 et
524 719 600 754 item
626 739 668 744 -
693 718 835 753 die-ient:
859 717 912 752 ‘St'
935 718 1115 761 episcopus
1140 736 1184 741 —
1208 727 1284 750 non
1309 715 1418 750 licere'
1446 731 1486 744 =
1513 715 1552 749 fr.
1573 715 1642 750 Th.
1662 715 1758 757 XVI,
1777 717 1807 757 2,
1825 717 1881 751 41.

170 791 198 815 6.
219 780 261 814 34
290 780 340 825 (p.
359 778 439 822 638)
467 788 510 812 ex
548 776 836 821 interpretatione
866 795 907 800 —
941 774 1088 817 dicitur,
1126 773 1294 818 quoniam
1330 773 1543 817 ‘quicunque
1575 793 1618 797 —
1650 773 1830 808 inchoare'
1862 789 1904 803 =
1943 774 2000 809 Br.
2028 775 2094 809 Th.

582 834 644 877 IV,
668 836 718 875 16,
736 834 757 867 2
783 832 850 868 int.
876 832 912 867 in
939 832 1020 868 fine.

171 907 200 932 6.
218 895 262 931 35
288 896 339 941 (p.
358 894 439 938 639)
465 897 495 928 et
525 893 617 928 sicut
647 902 768 926 sacrae
800 891 887 935 16963
911 889 1036 925 dieunt
1060 889 1158 933 ‘quia
1181 889 1242 923 hoc
1267 909 1310 913 —
1334 886 1570 924 retinendum'
1595 904 1635 918 =
1663 889 1721 923 Br.
1740 888 1809 924 Th.
1830 889 1890 933 XI,
1912 889 1964 932 14,
1983 890 2004 923 3
2029 888 2095 923 int.

467 949 658 985 semmam„
691 959 814 984 sacras
847 949 931 993 16963
964 947 1116 982 dicentes
1147 958 1376 992 quoscunque
1411 946 1570 982 convinci
1596 966 1636 971 —
1666 947 1778 988 fnisse
1816 947 1879 981 cfr.
1905 946 1963 982 Br.
1991 946 2094 981 Paul.

580 1007 624 1049 V,
643 1008 674 1049 5,
692 1007 714 1041 3
739 1005 776 1041 in
802 1006 883 1042 fine.

460 1076 581 1100 rerum
606 1064 647 1099 de
670 1064 768 1098 trina
790 1063 1057 1098 commonitione
1081 1073 1202 1097 sacrae
1226 1063 1315 1109 16963
1340 1061 1484 1097 dicunt.-
1506 1061 1732 1106 ‘Quicunque
1761 1062 1874 1097 tribus
1903 1062 2095 1096 auctorita-

581 1123 675 1158 tibus
699 1141 744 1147 —-—
765 1122 895 1167 potest’
920 1138 962 1152 =
990 1122 1047 1156 ΒΓ.
1066 1121 1171 1157 Paul.
1190 1121 1233 1162 V,
1252 1123 1283 1165 5,
1302 1122 1323 1156 6
1348 1120 1416 1156 int.
1443 1121 1473 1154 7.

289 1184 339 1229 (p.
357 1182 440 1225 642)
465 1192 550 1216 nam
574 1180 616 1216 de
640 1180 876 1225 offellatione
893 1200 935 1205 —
953 1179 1072 1214 modo:
1096 1179 1332 1214 ‘Moratorias
1355 1198 1399 1203 —
1423 1178 1532 1213 decet‘
1557 1193 1600 1207 =
1624 1178 1682 1212 Br.
1702 1177 1768 1212 Th.
1788 1178 1849 1219 XI,
1871 1179 1922 1219 11,
1946 1180 1962 1213 1
1985 1178 2022 1213 in
2040 1191 2093 1223 pr.

293 1241 340 1287 (p.
359 1240 440 1284 643)
465 1243 498 1274 et
522 1249 564 1273 ex
588 1237 880 1282 interpretatione
897 1257 940 1262 -
959 1236 1062 1272 dicit:
1085 1236 1343 1281 ‘C'hronopium
1360 1256 1403 1261 -—
1420 1235 1575 1279 eroqari'
1600 1251 1641 1264 ε
1667 1235 1726 1270 Br.
1745 1235 1813 1270 Th.
1832 1234 1894 1279 XI,
1917 1238 1967 1279 11,
1987 1237 2008 1271 3
2027 1235 2092 1270 int.

458 1343 649 1389 Responsa
675 1341 934 1388 episcoporum
959 1341 1006 1377 ad
1032 1340 1203 1377 libellum
1228 1338 1535 1386 proclamationis
1561 1339 1685 1375 Caroli
1710 1338 1808 1384 regis

654 1403 783 1436 contra.
808 1399 1050 1435 Hincmarum
1075 1399 1353 1434 Landunensem
1379 1397 1606 1443 episcopum.

168 1484 197 1507 c.
215 1473 237 1507 3
262 1473 312 1517 (p.
329 1471 410 1515 645)
441 1471 483 1506 de
505 1470 675 1506 seditione
698 1490 742 1496 —
766 1473 833 1504 est:
857 1469 910 1504 ‘Si
934 1469 1015 1514 quis
1039 1488 1079 1493 —
1106 1467 1309 1503 subiacebit’
1334 1483 1376 1497 =
1401 1468 1460 1503 Br.
1479 1468 1547 1502 Th.
1567 1467 1629 1509 IX,
1647 1468 1702 1509 23,
1723 1468 1741 1501 1
1766 1466 1833 1502 int.

440 1533 472 1563 et
495 1529 536 1563 in
562 1529 650 1563 libro
676 1548 718 1553 —
743 1527 839 1570 fiunt
861 1527 922 1562 ‘In
947 1537 1004 1562 eos
1029 1547 1072 1551 —
1097 1526 1272 1570 simplum’
1299 1541 1340 1554 =
1367 1526 1425 1560 Br.
1444 1525 1550 1560 Paul.
1568 1525 1611 1567 V,
1630 1525 1662 1567 3,
1683 1526 1700 1559 1
1730 1526 1767 1560 et
1792 1524 1859 1560 int..
1885 1526 1916 1560 2.

167 1599 196 1622 6.
216 1587 238 1622 4
263 1588 313 1632 (p.
331 1587 413 1629 647)
443 1586 486 1621 de
503 1585 709 1630 pervasione
723 1606 765 1610 —
782 1585 952 1629 Auyusti:
965 1584 1151 1629 ‘Episcopi
1166 1603 1205 1609 —
1220 1582 1452 1618 contumacis'
1464 1598 1506 1612 =
1522 1582 1861 1623 Br.Nov.Val.XII,
1874 1584 1891 1617 1
1907 1582 1974 1618 int.
1989 1582 2027 1617 in
2040 1595 2094 1628 pr.

440 1647 471 1678 et
494 1645 535 1678 in
559 1644 646 1678 libro
671 1663 715 1669 -
739 1643 910 1678 Photium
933 1642 1160 1687 ‘Quicunque
1184 1662 1228 1667 -
1247 1640 1457 1686 pervaseris‘
1481 1656 1524 1670 =
1549 1640 1592 1675 fr.
1613 1641 1670 1675 ΒΓ.
1684 1640 1754 1675 Th.
1773 1640 1834 1681 IV,
1854 1641 1907 1681 20,
1925 1641 1946 1674 2
1971 1640 2038 1675 int.

444 1705 477 1736 et
501 1702 542 1736 in
566 1701 652 1736 libro
678 1722 721 1726 —
746 1701 970 1736 Messianum
993 1699 1244 1744 ‘Coynovimus
1268 1719 1310 1724 -
1332 1698 1543 1745 pervasisse’
1570 1713 1612 1727 =
1639 1697 1698 1732 ΒΥ.
1717 1698 1784 1732 Th.
1803 1698 1865 1738 IV,
1884 1699 1938 1739 20,
1957 1698 1978 1732 3
2004 1697 2070 1733 int.

167 1773 199 1796 c.
217 1761 238 1796 6
265 1762 314 1806 (p.
333 1761 415 1804 651)
444 1763 475 1794 et
497 1759 539 1793 in
564 1759 645 1804 leyis
669 1778 711 1784 —-
736 1758 870 1794 dicitur
892 1759 1114 1804 ‘Quicunque
1139 1778 1181 1783 -
1206 1756 1446 1792 retinendum'
1469 1772 1512 1785 =
1538 1757 1596 1791 ΒΓ.
1616 1755 1683 1791 Th.
1704 1755 1766 1796 XI,
1787 1757 1839 1797 14,
1858 1756 1879 1790 3
1904 1755 1969 1790 int.

166 1831 195 1854 6.
214 1819 232 1852 ῖ
260 1819 310 1864 (p.
328 1820 410 1863 65])
440 1829 565 1853 sacrae
590 1818 672 1862 16963
698 1817 831 1860 dicunt,
858 1821 901 1852 ut
923 1816 1047 1852 ‘Ultra
1073 1836 1115 1841 —
1143 1816 1352 1851 admissum'
1375 1831 1418 1845 =
1443 1816 1484 1850 fr.
1505 1816 1563 1850 Br.
1582 1815 1650 1849 Th.
1669 1815 1730 1857 IX,
1751 1816 1781 1855 1,
1800 1817 1831 1850 5.

439 1880 469 1910 a
495 1887 538 1911 ea:
561 1876 849 1920 interpretatione
877 1875 962 1921 legis
986 1875 1118 1919 ipsius:
1142 1874 1357 1910 ‘Oriminum
1379 1893 1424 1898 —
1449 1872 1586 1907 audiri‘
1614 1888 1656 1902 =
1683 1872 1740 1907 Br.
1762 1872 1829 1907 Th.
1850 1872 1910 1914 IX,
1932 1874 1960 1914 1,
1981 1874 2001 1908 5
2028 1871 2094 1906 int.

442 1938 476 1970 et
499 1945 541 1969 ex
564 1934 856 1978 interpretatione
885 1933 969 1980 leyis
994 1933 1201 1968 Blarciani:
1229 1933 1286 1968 ‘Si
1311 1932 1391 1977 quis
1414 1952 1459 1957 ——
1478 1930 1769 1976 pertrahendum’
1795 1947 1837 1960 Ξ
1864 1931 1906 1965 fr.
1924 1931 1982 1965 Br.
2001 1930 2094 1966 Nov.

580 1992 692 2027 Marc.
712 1992 737 2034 I,
759 1994 776 2026 1
803 1991 870 2027 int.

167 2063 199 2086 c.
217 2051 238 2085 8
262 2050 311 2096 (p.
329 2051 397 2085 652
411 2051 478 2095 sq.)
508 2050 549 2084 in
573 2050 660 2085 libro
684 2061 779 2084 nono
803 2070 847 2075 —
872 2053 938 2084 est:
964 2049 1167 2085 Gratianus
1195 2069 1235 2074 —
1261 2049 1431 2084 Bautone
1454 2059 1537 2082 coss.
1564 2063 1606 2076 =
1633 2048 1691 2082 Br.
1709 2047 1778 2082 Th.
1798 2047 1860 2088 IX,
1882 2047 1936 2089 29,
1957 2048 1985 2081 1.
2009 2048 2040 2081 2.

442 2112 475 2143 et
498 2108 596 2143 item:
621 2107 802 2143 Arcadius
827 2127 872 2132 —
897 2107 1130 2152 Eutychiano
1153 2118 1236 2142 coss.
1264 2122 1306 2136 =
1333 2107 1391 2141 ΒΓ.
1411 2106 1479 2141 Th.
1498 2106 1560 2148 IX,
1578 2106 1632 2148 29,
1652 2108 1682 2140 3.

439 2169 470 2200 et
494 2166 575 2200 item
606 2165 656 2200 iot
680 2169 764 2210 post
793 2165 886 2200 alia:
910 2164 1206 2200 ‘Calumniatores
1237 2164 1342 2199 etiam
1365 2168 1450 2199 sunt
1473 2184 1519 2189 —
1544 2162 1792 2198 detrudentur'
1820 2179 1860 2192 =
1886 2163 1928 2197 fr.
1949 2162 2005 2196 ΒΓ.
2026 2161 2092 2196 Th.

579 2223 640 2266 IX,
659 2224 714 2267 29,
732 2224 754 2259 3
778 2222 846 2258 int.

280 2328 376 2364 Acta
401 2327 533 2373 synodi
558 2339 641 2363 cum
665 2326 866 2363 Hincmaro
892 2327 1127 2363 Landunensi
1153 2327 1329 2373 episcopo
1356 2326 1531 2362 canonice
1558 2328 1690 2362 vocato
1716 2329 1754 2362 ef,
1780 2327 1985 2372 praesente.

167 2411 197 2434 6.
220 2401 232 2432 1
261 2400 312 2444 (p.
330 2398 412 2442 659)
440 2408 521 2432 cum
545 2397 633 2442 16963
658 2397 791 2440 dicant,
816 2400 857 2431 ut
880 2397 949 2432 ‘res
974 2397 1056 2432 olim
1079 2416 1118 2421 —
1143 2407 1218 2430 non
1237 2395 1366 2440 potest'
1391 2411 1433 2425 =
1459 2396 1517 2430 ΒΓ.
1536 2395 1640 2430 Paul.
1658 2395 1702 2437 V,
1721 2396 1753 2438 5,
1771 2396 1803 2429 8.

440 2455 528 2499 quia
544 2454 736 2490 secundum
752 2465 875 2489 sacras
891 2455 980 2499 16963
1003 2455 1127 2499 ‘neque
1146 2457 1334 2488 accusator
1350 2474 1391 2478 —-
1409 2452 1636 2495 desendatur‘
1652 2468 1695 2482 =
1714 2453 1771 2487 Br.
1790 2451 1894 2486 Paul.
1909 2452 1951 2493 V,
1972 2452 2023 2493 18,
2043 2452 2093 2485 11.

167 2527 196 2550 6.
215 2516 236 2549 3
263 2517 313 2559 (p.
331 2514 413 2558 661)
441 2513 630 2558 “Ν69αηάα
653 2517 703 2548 631
728 2533 772 2539 -
798 2512 941 2548 evitare’
965 2528 1008 2542 =
1034 2513 1090 2548 Br.
1111 2512 1178 2546 Th.
1197 2512 1258 2553 IX,
1279 2513 1308 2554 1,
1328 2513 1359 2547 7.

216 2572 235 2606 7
262 2574 313 2617 (p.
331 2571 414 2615 668)
441 2571 570 2607 diczent
595 2571 689 2607 enim
713 2572 809 2616 16963,
834 2574 876 2606 ut
898 2571 1009 2606 ‘ultra
1028 2570 1235 2615 promotae
1262 2591 1304 2596 —-
1329 2569 1534 2604 admissum‘
1561 2584 1603 2599 =
1628 2568 1670 2604 fr.
1689 2569 1747 2603 Br.
1764 2567 1830 2602 Th.
1856 2567 1917 2608 IX,
1938 2568 1966 2608 1,
1985 2568 2016 2603 5.

688 2674 860 2721 Epistola
885 2674 1076 2720 synodalis
1101 2674 1149 2710 ad
1173 2673 1402 2710 Hadrianum
1428 2684 1576 2718 papam.

259 2747 309 2792 (p.
328 2747 411 2790 681)
441 2757 543 2782 nemo
566 2746 639 2781 nisi
663 2749 730 2780 aut
753 2745 936 2789 scriptwra
960 2765 1004 2770 —
1028 2744 1189 2779 convinci
1214 2759 1256 2773 =
1282 2744 1338 2778 ΒΓ.
1359 2743 1462 2778 Paul.
1481 2743 1525 2784 V,
1543 2744 1574 2784 5,
1592 2744 1623 2777 3.

285 2827 493 2863 Concilium
517 2827 742 2863 Duziazense
767 2827 968 2863 secundum
994 2838 1026 2862 a.
1044 2827 1111 2861 874
1139 2825 1275 2871 [Mansi
1301 2824 1416 2867 XVII,
1434 2825 1502 2859 282
1514 2824 1625 2870 sp.].¹)

273 2902 461 2938 Diffinitio
485 2902 649 2938 eiusdem
674 2902 806 2948 synodi
832 2903 875 2938 de
900 2902 1061 2947 quadam
1086 2902 1270 2937 monacha
1295 2899 1440 2936 nomine
1465 2900 1573 2935 Duda
1598 2898 1777 2945 sacrilege
1804 2899 1988 2943 corrupta.

168 2984 198 3008 6.
215 2972 237 3007 2
262 2973 312 3018 (p.
330 2973 397 3007 289
411 2975 478 3017 sq.)
505 2972 605 3007 unde
626 2982 748 3007 sacrae
765 2972 848 3015 16963
867 2991 910 2996 -—
928 2971 1073 3005 dicunt:
1097 2970 1395 3006 ‘Galumm'atores
1418 2972 1502 3004 sunt
1525 2969 1588 3013 qui
1611 2968 1708 3011 falsa
1728 2987 1769 2992 ——
1788 2965 2035 3000 detrudentur’
2050 2981 2091 2994 =

580 3030 623 3065 fr.
641 3030 701 3065 Br.
722 3029 789 3064 Th.
808 3029 870 3073 IX,
888 3030 944 3071 29,
962 3030 983 3064 3
1008 3028 1075 3064 int.

443 3090 475 3122 et
498 3087 596 3122 item:
619 3087 720 3122 ‘Non
743 3090 790 3121 631
813 3087 907 3121 ratio
929 3106 977 3112 —
1000 3085 1145 3121 terreri'
1169 3101 1211 3115 =
1237 3086 1296 3120 Br.
1315 3085 1383 3120 Th.
1402 3084 1464 3126 IX,
1484 3084 1539 3125 29,
1559 3084 1588 3117 1.

443 3148 477 3179 61
499 3145 596 3179 iterra:
619 3144 844 3189 ‘Quiezmque
869 3165 911 3170 -
936 3142 1172 3178 retinendsum'
1196 3158 1239 3172 =
1264 3143 1323 3178 Br.
1342 3142 1410 3177 Th.
1430 3142 1490 3182 XI,
1511 3141 1563 3182 14,
1582 3141 1602 3175 3
1627 3139 1694 3174 int.

443 3201 646 3237 decernente
669 3202 752 3236 hine
773 3213 876 3236 sacra
899 3203 986 3246 1696,
1012 3212 1117 3246 quam
1138 3200 1266 3245 probat
1289 3200 1446 3235 ecelesia:
1470 3199 1531 3234 ‘In
1554 3198 1748 3236 convictum
1773 3216 1816 3222 —-
1840 3195 2032 3231 ‘iudicabit’
2048 3211 2092 3229 =

581 3261 640 3296 ΒΓ.
659 3260 763 3296 Paul.
781 3261 824 3303 V,
846 3261 897 3302 18,
910 3261 960 3295 *13
984 3262 1023 3295 et
1047 3259 1113 3296 int.

285 3377 312 3420 ¹)
337 3379 465 3413 Conrat
488 3380 515 3418 Ι,
531 3376 576 3411 22
588 3377 612 3416 ².
