<?xml version="1.0" encoding="UTF-8"?>
<!DOCTYPE html PUBLIC "-//W3C//DTD XHTML 1.0 Transitional//EN"
    "http://www.w3.org/TR/xhtml1/DTD/xhtml1-transitional.dtd">
<html xmlns="http://www.w3.org/1999/xhtml" xml:lang="en" lang="en">
 <head>
  <title>
</title>
<meta http-equiv="Content-Type" content="text/html;charset=utf-8" />
  <meta name='ocr-system' content='tesseract 3.04.00' />
  <meta name='ocr-capabilities' content='ocr_page ocr_carea ocr_par ocr_line ocrx_word'/>
</head>
<body>
  <div class='ocr_page' id='page_1' title='image "./theodosianilibri00codeuoft_0100.png"; bbox 0 0 2485 3615; ppageno 0'>
   <div class='ocr_carea' id='block_1_1' title="bbox 1178 155 1477 191">
    <p class='ocr_par' dir='ltr' id='par_1_1' title="bbox 1178 155 1477 191">
     <span class='ocr_line' id='line_1_1' title="bbox 1178 155 1477 191; baseline -0.003 0"><span class='ocrx_word' id='word_1_1' title='bbox 1178 177 1220 182; x_wconf 92' lang='lat'>—-</span> <span class='ocrx_word' id='word_1_2' title='bbox 1268 155 1386 191; x_wconf 85' lang='lat' dir='ltr'>XCIV</span> <span class='ocrx_word' id='word_1_3' title='bbox 1434 176 1477 182; x_wconf 87' lang='lat'>——</span> 
     </span>
    </p>
   </div>
   <div class='ocr_carea' id='block_1_2' title="bbox 595 258 2288 366">
    <p class='ocr_par' dir='ltr' id='par_1_2' title="bbox 595 258 2288 366">
     <span class='ocr_line' id='line_1_2' title="bbox 595 258 2288 299; baseline -0.003 -1"><span class='ocrx_word' id='word_1_4' title='bbox 595 275 638 299; x_wconf 75' lang='lat' dir='ltr'>ex</span> <span class='ocrx_word' id='word_1_5' title='bbox 675 260 878 298; x_wconf 75' lang='lat' dir='ltr'>decurtatis</span> <span class='ocrx_word' id='word_1_6' title='bbox 911 258 1105 295; x_wconf 79' lang='lat' dir='ltr'>Beruensis</span> <span class='ocrx_word' id='word_1_7' title='bbox 1144 278 1186 283; x_wconf 89' lang='lat'><em>-</em></span> <span class='ocrx_word' id='word_1_8' title='bbox 1223 258 1412 293; x_wconf 78' lang='lat' dir='ltr'><strong>Parisinus</strong></span> <span class='ocrx_word' id='word_1_9' title='bbox 1447 258 1537 294; x_wconf 87' lang='lat'>4408</span> <span class='ocrx_word' id='word_1_10' title='bbox 1574 279 1616 284; x_wconf 89' lang='lat'>—</span> <span class='ocrx_word' id='word_1_11' title='bbox 1653 258 1840 295; x_wconf 78' lang='lat' dir='ltr'><strong>Parisinus</strong></span> <span class='ocrx_word' id='word_1_12' title='bbox 1878 259 1969 294; x_wconf 85' lang='grc'>4409</span> <span class='ocrx_word' id='word_1_13' title='bbox 2006 279 2047 283; x_wconf 84' lang='lat'>—</span> <span class='ocrx_word' id='word_1_14' title='bbox 2083 258 2288 294; x_wconf 72' lang='lat' dir='ltr'><strong>Vaticanus</strong></span> 
     </span>
     <span class='ocr_line' id='line_1_3' title="bbox 642 316 1331 366; baseline -0.007 -11"><span class='ocrx_word' id='word_1_15' title='bbox 642 331 716 366; x_wconf 87' lang='lat' dir='ltr'>reg.</span> <span class='ocrx_word' id='word_1_16' title='bbox 737 318 823 355; x_wconf 79' lang='lat'>1048</span> <span class='ocrx_word' id='word_1_17' title='bbox 849 339 894 345; x_wconf 91' lang='lat'>—</span> <span class='ocrx_word' id='word_1_18' title='bbox 919 316 1122 351; x_wconf 79' lang='lat' dir='ltr'>Vaticanus</span> <span class='ocrx_word' id='word_1_19' title='bbox 1147 327 1222 361; x_wconf 87' lang='lat' dir='ltr'>reg.</span> <span class='ocrx_word' id='word_1_20' title='bbox 1243 316 1331 351; x_wconf 86' lang='grc'>1050</span> 
     </span>
    </p>
   </div>
   <div class='ocr_carea' id='block_1_3' title="bbox 413 383 2243 489">
    <p class='ocr_par' dir='ltr' id='par_1_3' title="bbox 413 383 2243 489">
     <span class='ocr_line' id='line_1_4' title="bbox 413 383 2243 433; baseline -0.003 -9"><span class='ocrx_word' id='word_1_21' title='bbox 413 390 444 433; x_wconf 88' lang='grc'>2,</span> <span class='ocrx_word' id='word_1_22' title='bbox 461 390 512 431; x_wconf 88' lang='lat'>16,</span> <span class='ocrx_word' id='word_1_23' title='bbox 528 389 549 423; x_wconf 85' lang='lat'>2</span> <span class='ocrx_word' id='word_1_24' title='bbox 597 387 906 432; x_wconf 80' lang='lat' dir='ltr'>subscriptionem</span> <span class='ocrx_word' id='word_1_25' title='bbox 931 396 1055 420; x_wconf 86' lang='lat' dir='ltr'>veram</span> <span class='ocrx_word' id='word_1_26' title='bbox 1080 384 1221 420; x_wconf 88' lang='lat' dir='ltr'>habent</span> <span class='ocrx_word' id='word_1_27' title='bbox 1247 396 1289 418; x_wconf 80' lang='lat' dir='ltr'>ex</span> <span class='ocrx_word' id='word_1_28' title='bbox 1315 384 1436 429; x_wconf 85' lang='lat' dir='ltr'>plenis</span> <span class='ocrx_word' id='word_1_29' title='bbox 1461 396 1554 419; x_wconf 89' lang='lat' dir='ltr'>unus</span> <span class='ocrx_word' id='word_1_30' title='bbox 1574 384 1614 426; x_wconf 91' lang='grc' dir='ltr'>Ο,</span> <span class='ocrx_word' id='word_1_31' title='bbox 1639 396 1682 420; x_wconf 79' lang='lat' dir='ltr'>ex</span> <span class='ocrx_word' id='word_1_32' title='bbox 1708 384 1912 421; x_wconf 77' lang='lat' dir='ltr'>decurtatis</span> <span class='ocrx_word' id='word_1_33' title='bbox 1939 398 2030 420; x_wconf 91' lang='lat' dir='ltr'>unus</span> <span class='ocrx_word' id='word_1_34' title='bbox 2048 383 2243 421; x_wconf 87' lang='lat' dir='ltr'>Bernensis</span> 
     </span>
     <span class='ocr_line' id='line_1_5' title="bbox 597 441 1601 489; baseline -0.005 -9"><span class='ocrx_word' id='word_1_35' title='bbox 597 444 862 489; x_wconf 79' lang='lat' dir='ltr'>interpolatam</span> <span class='ocrx_word' id='word_1_36' title='bbox 886 441 1021 486; x_wconf 83' lang='lat' dir='ltr'>reliqui</span> <span class='ocrx_word' id='word_1_37' title='bbox 1046 443 1124 476; x_wconf 90' lang='lat' dir='ltr'>tam</span> <span class='ocrx_word' id='word_1_38' title='bbox 1149 441 1251 486; x_wconf 90' lang='lat' dir='ltr'>pleni</span> <span class='ocrx_word' id='word_1_39' title='bbox 1277 453 1388 486; x_wconf 89' lang='lat' dir='ltr'>quam</span> <span class='ocrx_word' id='word_1_40' title='bbox 1415 441 1601 477; x_wconf 85' lang='lat' dir='ltr'>decurtati</span> 
     </span>
    </p>
   </div>
   <div class='ocr_carea' id='block_1_4' title="bbox 413 509 2291 670">
    <p class='ocr_par' dir='ltr' id='par_1_4' title="bbox 413 509 2291 670">
     <span class='ocr_line' id='line_1_6' title="bbox 413 509 1527 556; baseline -0.004 -7"><span class='ocrx_word' id='word_1_41' title='bbox 413 514 444 556; x_wconf 78' lang='lat'>3,</span> <span class='ocrx_word' id='word_1_42' title='bbox 461 513 546 556; x_wconf 86' lang='grc'>12,1</span> <span class='ocrx_word' id='word_1_43' title='bbox 573 513 684 556; x_wconf 86' lang='lat' dir='ltr'>(add.)</span> <span class='ocrx_word' id='word_1_44' title='bbox 709 523 752 547; x_wconf 79' lang='lat' dir='ltr'>ex</span> <span class='ocrx_word' id='word_1_45' title='bbox 777 509 897 556; x_wconf 88' lang='lat' dir='ltr'>plenis</span> <span class='ocrx_word' id='word_1_46' title='bbox 922 509 1111 544; x_wconf 86' lang='lat' dir='ltr'><strong><em>BOELK</em></strong></span> <span class='ocrx_word' id='word_1_47' title='bbox 1132 512 1170 545; x_wconf 87' lang='lat' dir='ltr'>et</span> <span class='ocrx_word' id='word_1_48' title='bbox 1194 509 1309 545; x_wconf 76' lang='lat' dir='ltr'>Paris.</span> <span class='ocrx_word' id='word_1_49' title='bbox 1327 510 1417 546; x_wconf 87' lang='lat'>4406</span> <span class='ocrx_word' id='word_1_50' title='bbox 1442 510 1466 545; x_wconf 92' lang='lat' dir='ltr'>f.</span> <span class='ocrx_word' id='word_1_51' title='bbox 1484 510 1527 545; x_wconf 86' lang='lat'>69</span> 
     </span>
     <span class='ocr_line' id='line_1_7' title="bbox 595 566 2291 614; baseline 0.001 -10"><span class='ocrx_word' id='word_1_52' title='bbox 595 582 638 605; x_wconf 77' lang='lat' dir='ltr'>ex</span> <span class='ocrx_word' id='word_1_53' title='bbox 664 567 865 604; x_wconf 87' lang='lat' dir='ltr'>decurtatis</span> <span class='ocrx_word' id='word_1_54' title='bbox 889 566 1085 602; x_wconf 88' lang='lat' dir='ltr'>Bernensis</span> <span class='ocrx_word' id='word_1_55' title='bbox 1109 587 1153 592; x_wconf 93' lang='lat'>—-</span> <span class='ocrx_word' id='word_1_56' title='bbox 1178 566 1367 602; x_wconf 81' lang='lat' dir='ltr'>Parisinus</span> <span class='ocrx_word' id='word_1_57' title='bbox 1391 567 1526 603; x_wconf 79' lang='lat' dir='ltr'>4403A</span> <span class='ocrx_word' id='word_1_58' title='bbox 1543 568 1669 612; x_wconf 87' lang='lat' dir='ltr'>(pars).</span> <span class='ocrx_word' id='word_1_59' title='bbox 1694 567 1784 603; x_wconf 90' lang='lat'>4409</span> <span class='ocrx_word' id='word_1_60' title='bbox 1810 587 1852 592; x_wconf 90' lang='lat'>—</span> <span class='ocrx_word' id='word_1_61' title='bbox 1875 567 2082 605; x_wconf 80' lang='lat' dir='ltr'>Vaticanus</span> <span class='ocrx_word' id='word_1_62' title='bbox 2106 581 2182 614; x_wconf 86' lang='lat' dir='ltr'>reg.</span> <span class='ocrx_word' id='word_1_63' title='bbox 2202 568 2291 605; x_wconf 87' lang='lat'>1048</span> 
     </span>
     <span class='ocr_line' id='line_1_8' title="bbox 595 623 1434 670; baseline -0.004 -8"><span class='ocrx_word' id='word_1_64' title='bbox 595 639 638 662; x_wconf 78' lang='lat' dir='ltr'>cx</span> <span class='ocrx_word' id='word_1_65' title='bbox 663 624 836 670; x_wconf 84' lang='lat' dir='ltr'>epitomis</span> <span class='ocrx_word' id='word_1_66' title='bbox 862 624 1153 669; x_wconf 79' lang='lat' dir='ltr'>Guelferbytana</span> <span class='ocrx_word' id='word_1_67' title='bbox 1182 644 1220 648; x_wconf 90' lang='lat'>-</span> <span class='ocrx_word' id='word_1_68' title='bbox 1249 623 1434 659; x_wconf 87' lang='lat' dir='ltr'>Curiensis</span> 
     </span>
    </p>
   </div>
   <div class='ocr_carea' id='block_1_5' title="bbox 412 692 2294 1025">
    <p class='ocr_par' dir='ltr' id='par_1_5' title="bbox 412 692 2294 1025">
     <span class='ocr_line' id='line_1_9' title="bbox 412 692 2291 740; baseline 0 -9"><span class='ocrx_word' id='word_1_69' title='bbox 412 698 442 738; x_wconf 72' lang='lat'>5,</span> <span class='ocrx_word' id='word_1_70' title='bbox 460 697 487 738; x_wconf 79' lang='lat'>1,</span> <span class='ocrx_word' id='word_1_71' title='bbox 503 698 524 731; x_wconf 83' lang='lat'><strong>9</strong></span> <span class='ocrx_word' id='word_1_72' title='bbox 595 692 820 738; x_wconf 79' lang='lat' dir='ltr'>subscriptio</span> <span class='ocrx_word' id='word_1_73' title='bbox 844 692 1038 738; x_wconf 84' lang='lat' dir='ltr'>primitiva</span> <span class='ocrx_word' id='word_1_74' title='bbox 1059 693 1179 727; x_wconf 80' lang='lat' dir='ltr'>Tauro</span> <span class='ocrx_word' id='word_1_75' title='bbox 1202 703 1292 727; x_wconf 82' lang='lat' dir='ltr'>cons.</span> <span class='ocrx_word' id='word_1_76' title='bbox 1311 697 1343 727; x_wconf 78' lang='lat' dir='ltr'>et</span> <span class='ocrx_word' id='word_1_77' title='bbox 1366 693 1429 737; x_wconf 77' lang='lat' dir='ltr'>qui</span> <span class='ocrx_word' id='word_1_78' title='bbox 1452 693 1563 735; x_wconf 75' lang='lat' dir='ltr'>fuerit</span> <span class='ocrx_word' id='word_1_79' title='bbox 1586 693 1780 727; x_wconf 73' lang='lat' dir='ltr'>nuntiatus</span> <span class='ocrx_word' id='word_1_80' title='bbox 1804 694 1982 730; x_wconf 78' lang='lat' dir='ltr'>remansit</span> <span class='ocrx_word' id='word_1_81' title='bbox 2007 694 2045 729; x_wconf 91' lang='lat' dir='ltr'>in</span> <span class='ocrx_word' id='word_1_82' title='bbox 2067 694 2187 740; x_wconf 89' lang='lat' dir='ltr'>plenis</span> <span class='ocrx_word' id='word_1_83' title='bbox 2205 695 2291 731; x_wconf 89' lang='lat' dir='ltr'>duo-</span> 
     </span>
     <span class='ocr_line' id='line_1_10' title="bbox 639 749 2292 798; baseline 0.001 -13"><span class='ocrx_word' id='word_1_84' title='bbox 639 752 707 786; x_wconf 87' lang='lat' dir='ltr'>bus</span> <span class='ocrx_word' id='word_1_85' title='bbox 728 750 809 784; x_wconf 90' lang='lat' dir='ltr'>HN</span> <span class='ocrx_word' id='word_1_86' title='bbox 828 751 866 785; x_wconf 90' lang='lat' dir='ltr'>et</span> <span class='ocrx_word' id='word_1_87' title='bbox 890 749 929 784; x_wconf 92' lang='lat' dir='ltr'>in</span> <span class='ocrx_word' id='word_1_88' title='bbox 947 749 1151 785; x_wconf 82' lang='lat' dir='ltr'>decurtatis</span> <span class='ocrx_word' id='word_1_89' title='bbox 1177 749 1429 795; x_wconf 86' lang='lat' dir='ltr'>compluribus</span> <span class='ocrx_word' id='word_1_90' title='bbox 1454 750 1493 784; x_wconf 88' lang='lat' dir='ltr'>in</span> <span class='ocrx_word' id='word_1_91' title='bbox 1512 749 1755 785; x_wconf 84' lang='lat' dir='ltr'>adnotatione</span> <span class='ocrx_word' id='word_1_92' title='bbox 1781 750 2005 786; x_wconf 86' lang='lat' dir='ltr'>enumeratis</span> <span class='ocrx_word' id='word_1_93' title='bbox 2014 764 2022 792; x_wconf 86' lang='lat'>;</span> <span class='ocrx_word' id='word_1_94' title='bbox 2048 752 2177 788; x_wconf 89' lang='lat' dir='ltr'>eadem</span> <span class='ocrx_word' id='word_1_95' title='bbox 2201 751 2292 798; x_wconf 89' lang='lat' dir='ltr'>legi-</span> 
     </span>
     <span class='ocr_line' id='line_1_11' title="bbox 639 806 2292 853; baseline 0.001 -10"><span class='ocrx_word' id='word_1_96' title='bbox 639 810 700 844; x_wconf 86' lang='lat' dir='ltr'>tur</span> <span class='ocrx_word' id='word_1_97' title='bbox 724 806 912 842; x_wconf 85' lang='lat' dir='ltr'>breviata:</span> <span class='ocrx_word' id='word_1_98' title='bbox 942 807 1063 840; x_wconf 75' lang='lat' dir='ltr'>Tauro</span> <span class='ocrx_word' id='word_1_99' title='bbox 1090 807 1152 842; x_wconf 70' lang='lat' dir='ltr'>vic.</span> <span class='ocrx_word' id='word_1_100' title='bbox 1178 807 1260 852; x_wconf 85' lang='lat' dir='ltr'>(pro</span> <span class='ocrx_word' id='word_1_101' title='bbox 1285 811 1317 841; x_wconf 54' lang='lat' dir='ltr'>V.</span> <span class='ocrx_word' id='word_1_102' title='bbox 1334 808 1382 852; x_wconf 68' lang='lat' dir='ltr'>E.)</span> <span class='ocrx_word' id='word_1_103' title='bbox 1408 806 1446 841; x_wconf 90' lang='lat' dir='ltr'>in</span> <span class='ocrx_word' id='word_1_104' title='bbox 1472 806 1650 842; x_wconf 83' lang='lat' dir='ltr'>Parisinis</span> <span class='ocrx_word' id='word_1_105' title='bbox 1675 807 1776 841; x_wconf 90' lang='lat'>4409.</span> <span class='ocrx_word' id='word_1_106' title='bbox 1802 808 1908 848; x_wconf 85' lang='lat'>4412;</span> <span class='ocrx_word' id='word_1_107' title='bbox 1941 808 2090 853; x_wconf 85' lang='lat' dir='ltr'>expleto</span> <span class='ocrx_word' id='word_1_108' title='bbox 2115 821 2159 845; x_wconf 81' lang='lat' dir='ltr'>ex</span> <span class='ocrx_word' id='word_1_109' title='bbox 2185 808 2292 844; x_wconf 77' lang='lat' dir='ltr'>fastis</span> 
     </span>
     <span class='ocr_line' id='line_1_12' title="bbox 640 864 2292 910; baseline 0 -10"><span class='ocrx_word' id='word_1_110' title='bbox 640 865 850 900; x_wconf 86' lang='lat' dir='ltr'>consulatu:</span> <span class='ocrx_word' id='word_1_111' title='bbox 890 864 1010 898; x_wconf 79' lang='lat' dir='ltr'>Tauro</span> <span class='ocrx_word' id='word_1_112' title='bbox 1043 867 1075 898; x_wconf 80' lang='lat' dir='ltr'>ot</span> <span class='ocrx_word' id='word_1_113' title='bbox 1107 864 1227 899; x_wconf 81' lang='lat' dir='ltr'>Felice</span> <span class='ocrx_word' id='word_1_114' title='bbox 1258 864 1296 899; x_wconf 88' lang='lat' dir='ltr'>in</span> <span class='ocrx_word' id='word_1_115' title='bbox 1327 864 1449 910; x_wconf 87' lang='lat' dir='ltr'>plenis</span> <span class='ocrx_word' id='word_1_116' title='bbox 1479 864 1634 909; x_wconf 87' lang='lat' dir='ltr'>reliquis</span> <span class='ocrx_word' id='word_1_117' title='bbox 1666 867 1704 900; x_wconf 89' lang='lat' dir='ltr'>et</span> <span class='ocrx_word' id='word_1_118' title='bbox 1736 865 1939 900; x_wconf 86' lang='lat' dir='ltr'>decurtatis</span> <span class='ocrx_word' id='word_1_119' title='bbox 1969 864 2059 900; x_wconf 88' lang='lat' dir='ltr'>item</span> <span class='ocrx_word' id='word_1_120' title='bbox 2089 865 2218 901; x_wconf 89' lang='lat' dir='ltr'>multis</span> <span class='ocrx_word' id='word_1_121' title='bbox 2252 865 2292 900; x_wconf 92' lang='lat' dir='ltr'>in</span> 
     </span>
     <span class='ocr_line' id='line_1_13' title="bbox 639 920 2294 968; baseline 0 -10"><span class='ocrx_word' id='word_1_122' title='bbox 639 923 826 968; x_wconf 84' lang='lat' dir='ltr'>apparatu</span> <span class='ocrx_word' id='word_1_123' title='bbox 852 920 1093 962; x_wconf 81' lang='lat' dir='ltr'>enumeratis3</span> <span class='ocrx_word' id='word_1_124' title='bbox 1125 920 1316 957; x_wconf 78' lang='lat' dir='ltr'>coniunxit</span> <span class='ocrx_word' id='word_1_125' title='bbox 1345 921 1544 958; x_wconf 86' lang='lat' dir='ltr'>lectionem</span> <span class='ocrx_word' id='word_1_126' title='bbox 1570 924 1765 966; x_wconf 83' lang='lat' dir='ltr'>utramque</span> <span class='ocrx_word' id='word_1_127' title='bbox 1794 922 1915 956; x_wconf 80' lang='lat' dir='ltr'>Tauro</span> <span class='ocrx_word' id='word_1_128' title='bbox 1943 925 1976 957; x_wconf 76' lang='lat' dir='ltr'>et</span> <span class='ocrx_word' id='word_1_129' title='bbox 2001 922 2117 958; x_wconf 79' lang='lat' dir='ltr'>Felice</span> <span class='ocrx_word' id='word_1_130' title='bbox 2140 933 2234 958; x_wconf 83' lang='lat' dir='ltr'>cons.</span> <span class='ocrx_word' id='word_1_131' title='bbox 2261 927 2294 959; x_wconf 76' lang='lat' dir='ltr'>et</span> 
     </span>
     <span class='ocr_line' id='line_1_14' title="bbox 638 978 1382 1025; baseline 0 -11"><span class='ocrx_word' id='word_1_132' title='bbox 638 981 700 1025; x_wconf 77' lang='lat' dir='ltr'>qui</span> <span class='ocrx_word' id='word_1_133' title='bbox 722 980 835 1023; x_wconf 76' lang='lat' dir='ltr'>fuerit</span> <span class='ocrx_word' id='word_1_134' title='bbox 859 979 1054 1014; x_wconf 74' lang='lat' dir='ltr'>nuntiatus</span> <span class='ocrx_word' id='word_1_135' title='bbox 1078 978 1267 1014; x_wconf 81' lang='lat' dir='ltr'>Parisinus</span> <span class='ocrx_word' id='word_1_136' title='bbox 1291 979 1382 1014; x_wconf 78' lang='lat'>4408</span> 
     </span>
    </p>
   </div>
   <div class='ocr_carea' id='block_1_6' title="bbox 411 1047 2295 1323">
    <p class='ocr_par' dir='ltr' id='par_1_6' title="bbox 411 1047 2295 1323">
     <span class='ocr_line' id='line_1_15' title="bbox 411 1047 2293 1093; baseline -0.001 -8"><span class='ocrx_word' id='word_1_137' title='bbox 411 1052 442 1092; x_wconf 84' lang='grc'>5,</span> <span class='ocrx_word' id='word_1_138' title='bbox 459 1050 510 1092; x_wconf 79' lang='lat'>18,</span> <span class='ocrx_word' id='word_1_139' title='bbox 527 1051 542 1085; x_wconf 94' lang='lat'>1</span> <span class='ocrx_word' id='word_1_140' title='bbox 593 1050 730 1084; x_wconf 84' lang='lat' dir='ltr'>subscr.</span> <span class='ocrx_word' id='word_1_141' title='bbox 755 1048 934 1083; x_wconf 74' lang='lat' dir='ltr'>Momzxio</span> <span class='ocrx_word' id='word_1_142' title='bbox 961 1048 1060 1093; x_wconf 85' lang='lat' dir='ltr'>pleni</span> <span class='ocrx_word' id='word_1_143' title='bbox 1078 1048 1121 1082; x_wconf 84' lang='lat' dir='ltr'><strong><em>N</em></strong></span> <span class='ocrx_word' id='word_1_144' title='bbox 1123 1047 1199 1091; x_wconf 83' lang='lat' dir='ltr'>OE,</span> <span class='ocrx_word' id='word_1_145' title='bbox 1226 1048 1412 1083; x_wconf 89' lang='lat' dir='ltr'>decurtati</span> <span class='ocrx_word' id='word_1_146' title='bbox 1436 1048 1556 1084; x_wconf 88' lang='lat' dir='ltr'>Berol.</span> <span class='ocrx_word' id='word_1_147' title='bbox 1575 1049 1657 1084; x_wconf 82' lang='lat' dir='ltr'>Sav.</span> <span class='ocrx_word' id='word_1_148' title='bbox 1678 1068 1719 1073; x_wconf 93' lang='lat'><strong>—</strong></span> <span class='ocrx_word' id='word_1_149' title='bbox 1739 1048 1927 1084; x_wconf 87' lang='lat' dir='ltr'>Clermont</span> <span class='ocrx_word' id='word_1_150' title='bbox 1944 1068 1987 1073; x_wconf 89' lang='lat'><strong>—</strong></span> <span class='ocrx_word' id='word_1_151' title='bbox 2005 1047 2166 1084; x_wconf 82' lang='lat' dir='ltr'>Parisim&#39;</span> <span class='ocrx_word' id='word_1_152' title='bbox 2191 1049 2293 1084; x_wconf 88' lang='lat'>4408.</span> 
     </span>
     <span class='ocr_line' id='line_1_16' title="bbox 638 1104 2293 1151; baseline -0.001 -9"><span class='ocrx_word' id='word_1_153' title='bbox 638 1106 744 1148; x_wconf 81' lang='lat'>9652;</span> <span class='ocrx_word' id='word_1_154' title='bbox 779 1105 942 1140; x_wconf 75' lang='lat' dir='ltr'>Maximo</span> <span class='ocrx_word' id='word_1_155' title='bbox 972 1105 1074 1150; x_wconf 91' lang='lat' dir='ltr'>pleni</span> <span class='ocrx_word' id='word_1_156' title='bbox 1104 1104 1410 1149; x_wconf 80' lang='lat' dir='ltr'>HBGGPMSL,</span> <span class='ocrx_word' id='word_1_157' title='bbox 1446 1106 1634 1142; x_wconf 87' lang='lat' dir='ltr'>decurtati</span> <span class='ocrx_word' id='word_1_158' title='bbox 1666 1105 1899 1151; x_wconf 69' lang='lat' dir='ltr'>Montispess</span> <span class='ocrx_word' id='word_1_159' title='bbox 1932 1124 1976 1130; x_wconf 90' lang='lat'>—</span> <span class='ocrx_word' id='word_1_160' title='bbox 2007 1105 2168 1141; x_wconf 88' lang='lat' dir='ltr'>Parisini</span> <span class='ocrx_word' id='word_1_161' title='bbox 2190 1106 2293 1142; x_wconf 88' lang='lat'>4413.</span> 
     </span>
     <span class='ocr_line' id='line_1_17' title="bbox 642 1161 2295 1204; baseline 0 -6"><span class='ocrx_word' id='word_1_162' title='bbox 642 1164 749 1204; x_wconf 85' lang='lat'>4415;</span> <span class='ocrx_word' id='word_1_163' title='bbox 776 1162 937 1197; x_wconf 77' lang='lat' dir='ltr'>Moximo</span> <span class='ocrx_word' id='word_1_164' title='bbox 961 1162 1080 1197; x_wconf 89' lang='lat' dir='ltr'>Berol.</span> <span class='ocrx_word' id='word_1_165' title='bbox 1099 1161 1210 1196; x_wconf 90' lang='lat' dir='ltr'>Phill.</span> <span class='ocrx_word' id='word_1_166' title='bbox 1234 1162 1338 1203; x_wconf 82' lang='lat'>1735;</span> <span class='ocrx_word' id='word_1_167' title='bbox 1366 1163 1584 1197; x_wconf 78' lang='lat' dir='ltr'>Momaximo</span> <span class='ocrx_word' id='word_1_168' title='bbox 1607 1163 1726 1198; x_wconf 89' lang='lat' dir='ltr'>Berol.</span> <span class='ocrx_word' id='word_1_169' title='bbox 1747 1162 1822 1204; x_wconf 87' lang='lat'>150,</span> <span class='ocrx_word' id='word_1_170' title='bbox 1849 1162 2013 1197; x_wconf 70' lang='lat' dir='ltr'>Maaeimo</span> <span class='ocrx_word' id='word_1_171' title='bbox 2036 1163 2194 1197; x_wconf 85' lang='lat' dir='ltr'>Mosatio</span> <span class='ocrx_word' id='word_1_172' title='bbox 2216 1162 2295 1198; x_wconf 89' lang='lat' dir='ltr'>Lei-</span> 
     </span>
     <span class='ocr_line' id='line_1_18' title="bbox 641 1217 2294 1266; baseline 0.001 -11"><span class='ocrx_word' id='word_1_173' title='bbox 641 1220 761 1256; x_wconf 87' lang='lat' dir='ltr'>densis</span> <span class='ocrx_word' id='word_1_174' title='bbox 779 1219 980 1255; x_wconf 82' lang='lat' dir='ltr'>Vossianus</span> <span class='ocrx_word' id='word_1_175' title='bbox 1004 1237 1049 1244; x_wconf 91' lang='lat'><em>-</em></span> <span class='ocrx_word' id='word_1_176' title='bbox 1073 1217 1262 1253; x_wconf 86' lang='lat' dir='ltr'>Parisinus</span> <span class='ocrx_word' id='word_1_177' title='bbox 1287 1219 1395 1263; x_wconf 88' lang='grc'>4409,</span> <span class='ocrx_word' id='word_1_178' title='bbox 1426 1219 1491 1254; x_wconf 91' lang='lat' dir='ltr'>ubi</span> <span class='ocrx_word' id='word_1_179' title='bbox 1522 1219 1613 1255; x_wconf 90' lang='lat' dir='ltr'>item</span> <span class='ocrx_word' id='word_1_180' title='bbox 1645 1220 1772 1256; x_wconf 88' lang='lat' dir='ltr'>subest</span> <span class='ocrx_word' id='word_1_181' title='bbox 1803 1219 2064 1266; x_wconf 86' lang='lat' dir='ltr'>dittographia</span> <span class='ocrx_word' id='word_1_182' title='bbox 2095 1231 2140 1256; x_wconf 83' lang='lat' dir='ltr'>ex</span> <span class='ocrx_word' id='word_1_183' title='bbox 2169 1221 2294 1256; x_wconf 87' lang='lat' dir='ltr'>arche-</span> 
     </span>
     <span class='ocr_line' id='line_1_19' title="bbox 641 1276 1095 1323; baseline -0.007 -10"><span class='ocrx_word' id='word_1_184' title='bbox 641 1277 743 1323; x_wconf 72' lang='lat' dir='ltr'>typis</span> <span class='ocrx_word' id='word_1_185' title='bbox 768 1277 910 1312; x_wconf 89' lang='lat' dir='ltr'>duobus</span> <span class='ocrx_word' id='word_1_186' title='bbox 935 1276 1095 1311; x_wconf 86' lang='lat' dir='ltr'>conflata</span> 
     </span>
    </p>
   </div>
   <div class='ocr_carea' id='block_1_7' title="bbox 411 1343 2296 1448">
    <p class='ocr_par' dir='ltr' id='par_1_7' title="bbox 411 1343 2296 1448">
     <span class='ocr_line' id='line_1_20' title="bbox 411 1343 2296 1391; baseline -0.001 -8"><span class='ocrx_word' id='word_1_187' title='bbox 411 1349 443 1391; x_wconf 86' lang='lat'>9,</span> <span class='ocrx_word' id='word_1_188' title='bbox 457 1348 548 1389; x_wconf 79' lang='lat'>25,2</span> <span class='ocrx_word' id='word_1_189' title='bbox 597 1345 777 1382; x_wconf 87' lang='lat' dir='ltr'>omittunt</span> <span class='ocrx_word' id='word_1_190' title='bbox 809 1344 995 1381; x_wconf 86' lang='lat' dir='ltr'>decurtati</span> <span class='ocrx_word' id='word_1_191' title='bbox 1021 1344 1285 1380; x_wconf 84' lang='lat' dir='ltr'>Ambrosianus</span> <span class='ocrx_word' id='word_1_192' title='bbox 1315 1364 1359 1369; x_wconf 94' lang='lat'>—</span> <span class='ocrx_word' id='word_1_193' title='bbox 1391 1344 1585 1380; x_wconf 85' lang='lat' dir='ltr'>Beruensis</span> <span class='ocrx_word' id='word_1_194' title='bbox 1620 1364 1663 1369; x_wconf 83' lang='lat'>-—</span> <span class='ocrx_word' id='word_1_195' title='bbox 1697 1343 1887 1380; x_wconf 86' lang='lat' dir='ltr'>Parisinus</span> <span class='ocrx_word' id='word_1_196' title='bbox 1910 1345 2002 1381; x_wconf 87' lang='lat'>4409</span> <span class='ocrx_word' id='word_1_197' title='bbox 2033 1366 2076 1371; x_wconf 92' lang='lat'><strong>—</strong></span> <span class='ocrx_word' id='word_1_198' title='bbox 2107 1346 2296 1383; x_wconf 86' lang='lat' dir='ltr'>Parisinus</span> 
     </span>
     <span class='ocr_line' id='line_1_21' title="bbox 640 1401 2112 1448; baseline -0.001 -9"><span class='ocrx_word' id='word_1_199' title='bbox 640 1403 732 1439; x_wconf 88' lang='lat'>4410</span> <span class='ocrx_word' id='word_1_200' title='bbox 757 1422 799 1428; x_wconf 78' lang='lat'>—-</span> <span class='ocrx_word' id='word_1_201' title='bbox 826 1401 1032 1437; x_wconf 86' lang='lat' dir='ltr'>Vaticanus</span> <span class='ocrx_word' id='word_1_202' title='bbox 1057 1402 1208 1448; x_wconf 88' lang='lat' dir='ltr'>reginae</span> <span class='ocrx_word' id='word_1_203' title='bbox 1236 1402 1334 1444; x_wconf 83' lang='grc'>1048,</span> <span class='ocrx_word' id='word_1_204' title='bbox 1361 1402 1528 1437; x_wconf 86' lang='lat' dir='ltr'>consulto</span> <span class='ocrx_word' id='word_1_205' title='bbox 1555 1401 1713 1443; x_wconf 87' lang='lat' dir='ltr'>omnino,</span> <span class='ocrx_word' id='word_1_206' title='bbox 1739 1404 1958 1448; x_wconf 86' lang='lat' dir='ltr'>argumento</span> <span class='ocrx_word' id='word_1_207' title='bbox 1983 1402 2112 1439; x_wconf 88' lang='lat' dir='ltr'>offensi</span> 
     </span>
    </p>
   </div>
   <div class='ocr_carea' id='block_1_8' title="bbox 390 1470 2298 2036">
    <p class='ocr_par' dir='ltr' id='par_1_8' title="bbox 390 1470 2296 1633">
     <span class='ocr_line' id='line_1_22' title="bbox 390 1470 2296 1518; baseline -0.001 -7"><span class='ocrx_word' id='word_1_208' title='bbox 390 1475 525 1518; x_wconf 82' lang='lat'>15,1,9</span> <span class='ocrx_word' id='word_1_209' title='bbox 597 1473 767 1510; x_wconf 86' lang='lat' dir='ltr'>tribuunt</span> <span class='ocrx_word' id='word_1_210' title='bbox 793 1471 1037 1508; x_wconf 87' lang='lat' dir='ltr'>Constantino</span> <span class='ocrx_word' id='word_1_211' title='bbox 1062 1471 1165 1517; x_wconf 91' lang='lat' dir='ltr'>pleni</span> <span class='ocrx_word' id='word_1_212' title='bbox 1189 1471 1523 1516; x_wconf 71' lang='lat' dir='ltr'><em>GXGPMLQSK</em></span> <span class='ocrx_word' id='word_1_213' title='bbox 1549 1471 1631 1508; x_wconf 87' lang='lat' dir='ltr'>Vat.</span> <span class='ocrx_word' id='word_1_214' title='bbox 1650 1471 1748 1506; x_wconf 83' lang='grc'>1128.</span> <span class='ocrx_word' id='word_1_215' title='bbox 1774 1470 2009 1516; x_wconf 79' lang='lat' dir='ltr'>Montispess.</span> <span class='ocrx_word' id='word_1_216' title='bbox 2026 1472 2072 1508; x_wconf 92' lang='lat'>84</span> <span class='ocrx_word' id='word_1_217' title='bbox 2102 1484 2186 1508; x_wconf 90' lang='lat' dir='ltr'>cum</span> <span class='ocrx_word' id='word_1_218' title='bbox 2216 1473 2296 1509; x_wconf 92' lang='lat' dir='ltr'>sola</span> 
     </span>
     <span class='ocr_line' id='line_1_23' title="bbox 641 1529 915 1576; baseline -0.011 -10"><span class='ocrx_word' id='word_1_219' title='bbox 641 1530 730 1576; x_wconf 89' lang='lat' dir='ltr'>epit.</span> <span class='ocrx_word' id='word_1_220' title='bbox 749 1529 915 1565; x_wconf 88' lang='lat' dir='ltr'>Curiensi</span> 
     </span>
     <span class='ocr_line' id='line_1_24' title="bbox 594 1586 1047 1633; baseline -0.007 -9"><span class='ocrx_word' id='word_1_221' title='bbox 594 1588 738 1624; x_wconf 87' lang='lat' dir='ltr'>Iuliano</span> <span class='ocrx_word' id='word_1_222' title='bbox 763 1586 866 1633; x_wconf 90' lang='lat' dir='ltr'>pleni</span> <span class='ocrx_word' id='word_1_223' title='bbox 893 1586 975 1621; x_wconf 87' lang='grc' dir='ltr'>ΗΝ</span> <span class='ocrx_word' id='word_1_224' title='bbox 978 1586 1047 1622; x_wconf 90' lang='grc' dir='ltr'>ΟΕ</span> 
     </span>
    </p>

    <p class='ocr_par' dir='ltr' id='par_1_9' title="bbox 778 1642 2298 1977">
     <span class='ocr_line' id='line_1_25' title="bbox 778 1642 2298 1690; baseline 0 -11"><span class='ocrx_word' id='word_1_225' title='bbox 778 1643 966 1679; x_wconf 87' lang='lat' dir='ltr'>decurtati</span> <span class='ocrx_word' id='word_1_226' title='bbox 990 1643 1186 1680; x_wconf 85' lang='lat' dir='ltr'>Bernensis</span> <span class='ocrx_word' id='word_1_227' title='bbox 1218 1663 1261 1669; x_wconf 93' lang='lat'>—</span> <span class='ocrx_word' id='word_1_228' title='bbox 1292 1645 1412 1679; x_wconf 88' lang='lat' dir='ltr'>Berol.</span> <span class='ocrx_word' id='word_1_229' title='bbox 1439 1644 1504 1680; x_wconf 92' lang='grc'>150</span> <span class='ocrx_word' id='word_1_230' title='bbox 1534 1663 1580 1669; x_wconf 92' lang='lat'>—-</span> <span class='ocrx_word' id='word_1_231' title='bbox 1609 1643 1729 1679; x_wconf 91' lang='lat' dir='ltr'>Berol.</span> <span class='ocrx_word' id='word_1_232' title='bbox 1755 1643 2002 1690; x_wconf 85' lang='lat' dir='ltr'>Savignianus</span> <span class='ocrx_word' id='word_1_233' title='bbox 2033 1663 2074 1668; x_wconf 95' lang='lat'><strong>—</strong></span> <span class='ocrx_word' id='word_1_234' title='bbox 2107 1642 2298 1680; x_wconf 89' lang='lat' dir='ltr'>Leidensis</span> 
     </span>
     <span class='ocr_line' id='line_1_26' title="bbox 822 1701 2297 1746; baseline 0.001 -9"><span class='ocrx_word' id='word_1_235' title='bbox 822 1703 926 1737; x_wconf 88' lang='lat' dir='ltr'>Voss.</span> <span class='ocrx_word' id='word_1_236' title='bbox 956 1721 995 1726; x_wconf 81' lang='lat'><em>-</em></span> <span class='ocrx_word' id='word_1_237' title='bbox 1023 1701 1180 1737; x_wconf 84' lang='lat' dir='ltr'>Parisini</span> <span class='ocrx_word' id='word_1_238' title='bbox 1205 1702 1296 1737; x_wconf 81' lang='lat'>4408</span> <span class='ocrx_word' id='word_1_239' title='bbox 1329 1704 1444 1745; x_wconf 89' lang='lat' dir='ltr'>(errat</span> <span class='ocrx_word' id='word_1_240' title='bbox 1471 1701 1701 1746; x_wconf 88' lang='lat' dir='ltr'>Haenelius).</span> <span class='ocrx_word' id='word_1_241' title='bbox 1726 1701 1828 1736; x_wconf 87' lang='lat'>4413.</span> <span class='ocrx_word' id='word_1_242' title='bbox 1853 1702 1957 1736; x_wconf 85' lang='lat'>4414.</span> <span class='ocrx_word' id='word_1_243' title='bbox 1981 1701 2073 1736; x_wconf 82' lang='lat'>4415</span> <span class='ocrx_word' id='word_1_244' title='bbox 2099 1721 2141 1727; x_wconf 92' lang='lat'>-—</span> <span class='ocrx_word' id='word_1_245' title='bbox 2165 1701 2297 1738; x_wconf 86' lang='lat' dir='ltr'>Varso-</span> 
     </span>
     <span class='ocr_line' id='line_1_27' title="bbox 826 1758 2298 1805; baseline 0.001 -11"><span class='ocrx_word' id='word_1_246' title='bbox 826 1759 962 1795; x_wconf 81' lang='lat' dir='ltr'>viensis</span> <span class='ocrx_word' id='word_1_247' title='bbox 981 1781 1028 1786; x_wconf 94' lang='lat'><strong>—</strong></span> <span class='ocrx_word' id='word_1_248' title='bbox 1046 1759 1251 1795; x_wconf 86' lang='lat' dir='ltr'>Vaticanus</span> <span class='ocrx_word' id='word_1_249' title='bbox 1269 1758 1420 1805; x_wconf 89' lang='lat' dir='ltr'>reginae</span> <span class='ocrx_word' id='word_1_250' title='bbox 1441 1759 1528 1793; x_wconf 82' lang='lat'>1048</span> <span class='ocrx_word' id='word_1_251' title='bbox 1555 1760 1593 1794; x_wconf 92' lang='lat' dir='ltr'>et</span> <span class='ocrx_word' id='word_1_252' title='bbox 1610 1758 1648 1793; x_wconf 89' lang='lat' dir='ltr'>in</span> <span class='ocrx_word' id='word_1_253' title='bbox 1667 1771 1810 1794; x_wconf 85' lang='lat' dir='ltr'>summa</span> <span class='ocrx_word' id='word_1_254' title='bbox 1827 1759 2014 1804; x_wconf 84' lang='lat' dir='ltr'>quotquot</span> <span class='ocrx_word' id='word_1_255' title='bbox 2029 1770 2074 1795; x_wconf 83' lang='lat' dir='ltr'>ex</span> <span class='ocrx_word' id='word_1_256' title='bbox 2092 1759 2298 1795; x_wconf 81' lang='lat' dir='ltr'>decurtatis</span> 
     </span>
     <span class='ocr_line' id='line_1_28' title="bbox 826 1815 2294 1863; baseline 0 -11"><span class='ocrx_word' id='word_1_257' title='bbox 826 1816 1104 1863; x_wconf 85' lang='lat' dir='ltr'>inscriptionem</span> <span class='ocrx_word' id='word_1_258' title='bbox 1129 1817 1226 1852; x_wconf 89' lang='lat' dir='ltr'>hanc</span> <span class='ocrx_word' id='word_1_259' title='bbox 1252 1816 1488 1852; x_wconf 78' lang='lat' dir='ltr'>habentibus·</span> <span class='ocrx_word' id='word_1_260' title='bbox 1509 1815 1653 1862; x_wconf 84' lang='lat' dir='ltr'>inspexi</span> <span class='ocrx_word' id='word_1_261' title='bbox 1683 1816 1970 1863; x_wconf 82' lang='lat' dir='ltr'>inspexeruntve</span> <span class='ocrx_word' id='word_1_262' title='bbox 1995 1815 2117 1852; x_wconf 84' lang='lat' dir='ltr'>amici.</span> <span class='ocrx_word' id='word_1_263' title='bbox 2165 1816 2294 1854; x_wconf 85' lang='lat' dir='ltr'>Lectio</span> 
     </span>
     <span class='ocr_line' id='line_1_29' title="bbox 825 1872 2294 1921; baseline -0.001 -11"><span class='ocrx_word' id='word_1_264' title='bbox 825 1874 926 1921; x_wconf 90' lang='lat' dir='ltr'>prior</span> <span class='ocrx_word' id='word_1_265' title='bbox 956 1877 998 1910; x_wconf 87' lang='lat' dir='ltr'>ut</span> <span class='ocrx_word' id='word_1_266' title='bbox 1029 1886 1203 1920; x_wconf 84' lang='lat' dir='ltr'>perversa</span> <span class='ocrx_word' id='word_1_267' title='bbox 1235 1874 1291 1909; x_wconf 88' lang='lat' dir='ltr'>ita</span> <span class='ocrx_word' id='word_1_268' title='bbox 1324 1873 1519 1919; x_wconf 86' lang='lat' dir='ltr'>primitiva</span> <span class='ocrx_word' id='word_1_269' title='bbox 1548 1874 1646 1918; x_wconf 88' lang='lat' dir='ltr'>quod</span> <span class='ocrx_word' id='word_1_270' title='bbox 1679 1873 1717 1908; x_wconf 92' lang='lat' dir='ltr'>in</span> <span class='ocrx_word' id='word_1_271' title='bbox 1748 1873 1872 1919; x_wconf 88' lang='lat' dir='ltr'>plenis</span> <span class='ocrx_word' id='word_1_272' title='bbox 1905 1872 2044 1910; x_wconf 87' lang='lat' dir='ltr'>ordinis</span> <span class='ocrx_word' id='word_1_273' title='bbox 2082 1873 2294 1910; x_wconf 85' lang='lat' dir='ltr'>vetustioris</span> 
     </span>
     <span class='ocr_line' id='line_1_30' title="bbox 825 1930 2294 1977; baseline -0.001 -9"><span class='ocrx_word' id='word_1_274' title='bbox 825 1931 1013 1974; x_wconf 87' lang='lat' dir='ltr'>remansit,</span> <span class='ocrx_word' id='word_1_275' title='bbox 1040 1931 1261 1967; x_wconf 86' lang='lat' dir='ltr'>oblitterata</span> <span class='ocrx_word' id='word_1_276' title='bbox 1287 1933 1343 1966; x_wconf 89' lang='lat' dir='ltr'>est</span> <span class='ocrx_word' id='word_1_277' title='bbox 1367 1930 1405 1965; x_wconf 89' lang='lat' dir='ltr'>in</span> <span class='ocrx_word' id='word_1_278' title='bbox 1426 1930 1631 1966; x_wconf 87' lang='lat' dir='ltr'>decurtat-is</span> <span class='ocrx_word' id='word_1_279' title='bbox 1656 1931 1836 1974; x_wconf 86' lang='lat' dir='ltr'>omnibus,</span> <span class='ocrx_word' id='word_1_280' title='bbox 1862 1931 2026 1968; x_wconf 87' lang='lat' dir='ltr'>ostendit</span> <span class='ocrx_word' id='word_1_281' title='bbox 2050 1931 2118 1967; x_wconf 85' lang='lat' dir='ltr'>hos</span> <span class='ocrx_word' id='word_1_282' title='bbox 2134 1931 2294 1977; x_wconf 87' lang='lat' dir='ltr'>pendere</span> 
     </span>
    </p>

    <p class='ocr_par' dir='ltr' id='par_1_10' title="bbox 828 1987 1905 2036">
     <span class='ocr_line' id='line_1_31' title="bbox 828 1987 1905 2036; baseline -0.003 -11"><span class='ocrx_word' id='word_1_283' title='bbox 828 1990 1062 2036; x_wconf 88' lang='lat' dir='ltr'>potissimum</span> <span class='ocrx_word' id='word_1_284' title='bbox 1088 2001 1132 2025; x_wconf 79' lang='lat' dir='ltr'>ex</span> <span class='ocrx_word' id='word_1_285' title='bbox 1157 1987 1348 2024; x_wconf 89' lang='lat' dir='ltr'>codicibus</span> <span class='ocrx_word' id='word_1_286' title='bbox 1373 1987 1580 2024; x_wconf 86' lang='lat' dir='ltr'>emendatis</span> <span class='ocrx_word' id='word_1_287' title='bbox 1605 1991 1644 2024; x_wconf 90' lang='lat' dir='ltr'>et</span> <span class='ocrx_word' id='word_1_288' title='bbox 1668 1987 1905 2034; x_wconf 87' lang='lat' dir='ltr'>interpolatis</span> 
     </span>
    </p>
   </div>
   <div class='ocr_carea' id='block_1_9' title="bbox 391 2058 2293 2276">
    <p class='ocr_par' dir='ltr' id='par_1_11' title="bbox 391 2058 2293 2276">
     <span class='ocr_line' id='line_1_32' title="bbox 391 2058 1264 2104; baseline -0.005 -8"><span class='ocrx_word' id='word_1_289' title='bbox 391 2062 443 2103; x_wconf 90' lang='grc'>16,</span> <span class='ocrx_word' id='word_1_290' title='bbox 457 2061 527 2103; x_wconf 87' lang='lat'>9‚4</span> <span class='ocrx_word' id='word_1_291' title='bbox 551 2061 663 2104; x_wconf 87' lang='lat' dir='ltr'>(add.)</span> <span class='ocrx_word' id='word_1_292' title='bbox 690 2059 869 2095; x_wconf 84' lang='lat' dir='ltr'>omittunt</span> <span class='ocrx_word' id='word_1_293' title='bbox 891 2059 990 2104; x_wconf 78' lang='lat' dir='ltr'>pleni</span> <span class='ocrx_word' id='word_1_294' title='bbox 1015 2058 1264 2103; x_wconf 74' lang='lat' dir='ltr'>HNGPMSQ</span> 
     </span>
     <span class='ocr_line' id='line_1_33' title="bbox 595 2114 2214 2162; baseline -0.001 -11"><span class='ocrx_word' id='word_1_295' title='bbox 595 2117 736 2153; x_wconf 88' lang='lat' dir='ltr'>habent</span> <span class='ocrx_word' id='word_1_296' title='bbox 761 2117 864 2162; x_wconf 90' lang='lat' dir='ltr'>pleni</span> <span class='ocrx_word' id='word_1_297' title='bbox 891 2118 1054 2162; x_wconf 89' lang='lat' dir='ltr'>(praeter</span> <span class='ocrx_word' id='word_1_298' title='bbox 1079 2117 1181 2152; x_wconf 87' lang='lat' dir='ltr'>codd.</span> <span class='ocrx_word' id='word_1_299' title='bbox 1209 2116 1231 2151; x_wconf 91' lang='lat' dir='ltr'>l.</span> <span class='ocrx_word' id='word_1_300' title='bbox 1251 2116 1338 2151; x_wconf 79' lang='lat' dir='ltr'>XVI</span> <span class='ocrx_word' id='word_1_301' title='bbox 1363 2115 1550 2162; x_wconf 86' lang='lat' dir='ltr'>integrum</span> <span class='ocrx_word' id='word_1_302' title='bbox 1577 2116 1635 2151; x_wconf 84' lang='lat' dir='ltr'>vel</span> <span class='ocrx_word' id='word_1_303' title='bbox 1662 2117 1813 2150; x_wconf 88' lang='lat' dir='ltr'>auctum</span> <span class='ocrx_word' id='word_1_304' title='bbox 1838 2114 2070 2159; x_wconf 82' lang='lat' dir='ltr'>exhibentes)</span> <span class='ocrx_word' id='word_1_305' title='bbox 2095 2114 2214 2150; x_wconf 76' lang='lat' dir='ltr'>GEK</span> 
     </span>
     <span class='ocr_line' id='line_1_34' title="bbox 598 2170 2293 2218; baseline 0 -10"><span class='ocrx_word' id='word_1_306' title='bbox 598 2174 784 2210; x_wconf 88' lang='lat' dir='ltr'>decurtat-i</span> <span class='ocrx_word' id='word_1_307' title='bbox 810 2173 1004 2210; x_wconf 86' lang='lat' dir='ltr'>Bernensis</span> <span class='ocrx_word' id='word_1_308' title='bbox 1029 2173 1096 2208; x_wconf 84' lang='grc'>263</span> <span class='ocrx_word' id='word_1_309' title='bbox 1122 2193 1165 2198; x_wconf 90' lang='grc'>-</span> <span class='ocrx_word' id='word_1_310' title='bbox 1192 2172 1380 2208; x_wconf 84' lang='lat' dir='ltr'>Parisinus</span> <span class='ocrx_word' id='word_1_311' title='bbox 1402 2173 1492 2207; x_wconf 89' lang='lat'>4409</span> <span class='ocrx_word' id='word_1_312' title='bbox 1519 2192 1562 2198; x_wconf 94' lang='lat'>—</span> <span class='ocrx_word' id='word_1_313' title='bbox 1588 2171 1794 2208; x_wconf 86' lang='lat' dir='ltr'>Vaticanus</span> <span class='ocrx_word' id='word_1_314' title='bbox 1818 2170 1968 2218; x_wconf 85' lang='lat' dir='ltr'>reginae</span> <span class='ocrx_word' id='word_1_315' title='bbox 1994 2170 2084 2207; x_wconf 89' lang='lat'>1048</span> <span class='ocrx_word' id='word_1_316' title='bbox 2107 2183 2152 2206; x_wconf 87' lang='lat' dir='ltr'>ex</span> <span class='ocrx_word' id='word_1_317' title='bbox 2175 2170 2293 2217; x_wconf 83' lang='lat' dir='ltr'>epito-</span> 
     </span>
     <span class='ocr_line' id='line_1_35' title="bbox 640 2231 1029 2276; baseline 0 -10"><span class='ocrx_word' id='word_1_318' title='bbox 640 2231 710 2266; x_wconf 86' lang='lat' dir='ltr'>mis</span> <span class='ocrx_word' id='word_1_319' title='bbox 735 2231 1029 2276; x_wconf 81' lang='lat' dir='ltr'>Guelferbytana</span> 
     </span>
    </p>
   </div>
   <div class='ocr_carea' id='block_1_10' title="bbox 392 2299 2294 2517">
    <p class='ocr_par' dir='ltr' id='par_1_12' title="bbox 392 2299 2294 2517">
     <span class='ocr_line' id='line_1_36' title="bbox 392 2299 1250 2344; baseline -0.002 -8"><span class='ocrx_word' id='word_1_320' title='bbox 392 2300 547 2344; x_wconf 84' lang='lat'>16,11‚3</span> <span class='ocrx_word' id='word_1_321' title='bbox 571 2300 682 2344; x_wconf 85' lang='lat' dir='ltr'>(add.)</span> <span class='ocrx_word' id='word_1_322' title='bbox 709 2300 887 2335; x_wconf 86' lang='lat' dir='ltr'>omittunt</span> <span class='ocrx_word' id='word_1_323' title='bbox 913 2299 1016 2344; x_wconf 88' lang='lat' dir='ltr'>pleni</span> <span class='ocrx_word' id='word_1_324' title='bbox 1041 2299 1250 2343; x_wconf 73' lang='lat' dir='ltr'><em>NGPMSQ</em></span> 
     </span>
     <span class='ocr_line' id='line_1_37' title="bbox 595 2355 2294 2402; baseline -0.002 -9"><span class='ocrx_word' id='word_1_325' title='bbox 595 2359 736 2393; x_wconf 86' lang='lat' dir='ltr'>habent</span> <span class='ocrx_word' id='word_1_326' title='bbox 767 2357 869 2402; x_wconf 90' lang='lat' dir='ltr'>pleni</span> <span class='ocrx_word' id='word_1_327' title='bbox 902 2359 1064 2402; x_wconf 88' lang='lat' dir='ltr'>(praeter</span> <span class='ocrx_word' id='word_1_328' title='bbox 1095 2356 1239 2392; x_wconf 88' lang='lat' dir='ltr'>codices</span> <span class='ocrx_word' id='word_1_329' title='bbox 1264 2356 1328 2401; x_wconf 92' lang='lat' dir='ltr'>qui</span> <span class='ocrx_word' id='word_1_330' title='bbox 1361 2357 1384 2391; x_wconf 93' lang='grc'>1.</span> <span class='ocrx_word' id='word_1_331' title='bbox 1403 2356 1488 2391; x_wconf 82' lang='lat' dir='ltr'>XVI</span> <span class='ocrx_word' id='word_1_332' title='bbox 1514 2355 1700 2401; x_wconf 87' lang='lat' dir='ltr'>integrum</span> <span class='ocrx_word' id='word_1_333' title='bbox 1726 2356 1784 2392; x_wconf 90' lang='lat' dir='ltr'>vel</span> <span class='ocrx_word' id='word_1_334' title='bbox 1816 2358 1968 2392; x_wconf 85' lang='lat' dir='ltr'>auctum</span> <span class='ocrx_word' id='word_1_335' title='bbox 1997 2356 2294 2401; x_wconf 83' lang='lat' dir='ltr'>repraesentant)</span> 
     </span>
     <span class='ocr_line' id='line_1_38' title="bbox 644 2411 2293 2458; baseline -0.001 -9"><span class='ocrx_word' id='word_1_336' title='bbox 644 2414 811 2458; x_wconf 85' lang='lat' dir='ltr'>HGEK,</span> <span class='ocrx_word' id='word_1_337' title='bbox 838 2414 1024 2450; x_wconf 82' lang='lat' dir='ltr'>decurtati</span> <span class='ocrx_word' id='word_1_338' title='bbox 1040 2413 1234 2450; x_wconf 85' lang='lat' dir='ltr'>Beruensis</span> <span class='ocrx_word' id='word_1_339' title='bbox 1260 2434 1303 2439; x_wconf 82' lang='lat'><em>-</em></span> <span class='ocrx_word' id='word_1_340' title='bbox 1328 2413 1488 2449; x_wconf 88' lang='lat' dir='ltr'>Parisini</span> <span class='ocrx_word' id='word_1_341' title='bbox 1505 2414 1606 2449; x_wconf 88' lang='lat'>4409.</span> <span class='ocrx_word' id='word_1_342' title='bbox 1623 2413 1724 2448; x_wconf 89' lang='lat'>4414.</span> <span class='ocrx_word' id='word_1_343' title='bbox 1741 2413 1833 2448; x_wconf 89' lang='lat'>4415</span> <span class='ocrx_word' id='word_1_344' title='bbox 1859 2434 1901 2438; x_wconf 96' lang='lat'><strong>—</strong></span> <span class='ocrx_word' id='word_1_345' title='bbox 1919 2412 2126 2449; x_wconf 86' lang='lat' dir='ltr'>Vaticanus</span> <span class='ocrx_word' id='word_1_346' title='bbox 2142 2411 2293 2458; x_wconf 86' lang='lat' dir='ltr'>reginae</span> 
     </span>
     <span class='ocr_line' id='line_1_39' title="bbox 644 2469 1904 2517; baseline -0.002 -11"><span class='ocrx_word' id='word_1_347' title='bbox 644 2472 732 2507; x_wconf 87' lang='lat'>1048</span> <span class='ocrx_word' id='word_1_348' title='bbox 757 2483 801 2507; x_wconf 83' lang='lat' dir='ltr'>ex</span> <span class='ocrx_word' id='word_1_349' title='bbox 827 2470 1001 2516; x_wconf 88' lang='lat' dir='ltr'>epitomis</span> <span class='ocrx_word' id='word_1_350' title='bbox 1026 2470 1235 2517; x_wconf 86' lang='lat' dir='ltr'>Aegidiana</span> <span class='ocrx_word' id='word_1_351' title='bbox 1260 2490 1302 2495; x_wconf 91' lang='lat'>—</span> <span class='ocrx_word' id='word_1_352' title='bbox 1329 2470 1623 2514; x_wconf 81' lang='lat' dir='ltr'>Guelferbytana</span> <span class='ocrx_word' id='word_1_353' title='bbox 1648 2490 1692 2495; x_wconf 93' lang='lat'><strong>—</strong></span> <span class='ocrx_word' id='word_1_354' title='bbox 1718 2469 1904 2506; x_wconf 83' lang='lat' dir='ltr'>Curiensis</span> 
     </span>
    </p>
   </div>
   <div class='ocr_carea' id='block_1_11' title="bbox 367 2549 2295 3400">
    <p class='ocr_par' dir='ltr' id='par_1_13' title="bbox 367 2549 2294 2712">
     <span class='ocr_line' id='line_1_40' title="bbox 483 2549 2294 2598; baseline -0.002 -11"><span class='ocrx_word' id='word_1_355' title='bbox 483 2552 715 2598; x_wconf 86' lang='lat' dir='ltr'>Subscriptio</span> <span class='ocrx_word' id='word_1_356' title='bbox 741 2553 880 2597; x_wconf 70' lang='lat' dir='ltr'>explicit</span> <span class='ocrx_word' id='word_1_357' title='bbox 904 2552 987 2586; x_wconf 82' lang='lat' dir='ltr'>liber</span> <span class='ocrx_word' id='word_1_358' title='bbox 1011 2551 1186 2586; x_wconf 81' lang='lat' dir='ltr'>iuridicus</span> <span class='ocrx_word' id='word_1_359' title='bbox 1209 2562 1251 2586; x_wconf 71' lang='lat' dir='ltr'>em</span> <span class='ocrx_word' id='word_1_360' title='bbox 1274 2551 1490 2586; x_wconf 72' lang='lat' dir='ltr'>diversorum</span> <span class='ocrx_word' id='word_1_361' title='bbox 1513 2550 1696 2585; x_wconf 76' lang='lat' dir='ltr'>sententiis</span> <span class='ocrx_word' id='word_1_362' title='bbox 1721 2550 1923 2594; x_wconf 65' lang='lat' dir='ltr'>elzoeidatus,</span> <span class='ocrx_word' id='word_1_363' title='bbox 1940 2562 2052 2595; x_wconf 90' lang='lat' dir='ltr'>quam</span> <span class='ocrx_word' id='word_1_364' title='bbox 2067 2549 2184 2585; x_wconf 82' lang='lat' dir='ltr'>habet</span> <span class='ocrx_word' id='word_1_365' title='bbox 2200 2561 2294 2585; x_wconf 90' lang='lat' dir='ltr'>unus</span> 
     </span>
     <span class='ocr_line' id='line_1_41' title="bbox 367 2606 2294 2656; baseline -0.002 -12"><span class='ocrx_word' id='word_1_366' title='bbox 367 2609 461 2646; x_wconf 89' lang='lat' dir='ltr'>liber</span> <span class='ocrx_word' id='word_1_367' title='bbox 478 2610 611 2656; x_wconf 90' lang='lat' dir='ltr'>plenus</span> <span class='ocrx_word' id='word_1_368' title='bbox 627 2609 817 2645; x_wconf 83' lang='lat' dir='ltr'>Parisinus</span> <span class='ocrx_word' id='word_1_369' title='bbox 833 2610 924 2645; x_wconf 90' lang='grc'>4404</span> <span class='ocrx_word' id='word_1_370' title='bbox 943 2625 984 2639; x_wconf 91' lang='lat'>=</span> <span class='ocrx_word' id='word_1_371' title='bbox 999 2609 1047 2651; x_wconf 72' lang='lat' dir='ltr'>X,</span> <span class='ocrx_word' id='word_1_372' title='bbox 1067 2610 1158 2646; x_wconf 88' lang='lat' dir='ltr'>item</span> <span class='ocrx_word' id='word_1_373' title='bbox 1174 2609 1360 2654; x_wconf 87' lang='lat' dir='ltr'>reperitur</span> <span class='ocrx_word' id='word_1_374' title='bbox 1376 2609 1414 2644; x_wconf 90' lang='lat' dir='ltr'>in</span> <span class='ocrx_word' id='word_1_375' title='bbox 1439 2607 1643 2644; x_wconf 86' lang='lat' dir='ltr'>decurtatis</span> <span class='ocrx_word' id='word_1_376' title='bbox 1661 2608 1804 2644; x_wconf 87' lang='lat' dir='ltr'>duobus</span> <span class='ocrx_word' id='word_1_377' title='bbox 1819 2607 2051 2644; x_wconf 88' lang='lat' dir='ltr'>Berolinensi</span> <span class='ocrx_word' id='word_1_378' title='bbox 2067 2606 2294 2654; x_wconf 80' lang='lat' dir='ltr'>Savigniano</span> 
     </span>
     <span class='ocr_line' id='line_1_42' title="bbox 368 2666 1357 2712; baseline 0.001 -11"><span class='ocrx_word' id='word_1_379' title='bbox 368 2669 406 2702; x_wconf 88' lang='lat' dir='ltr'>et</span> <span class='ocrx_word' id='word_1_380' title='bbox 431 2666 598 2702; x_wconf 87' lang='lat' dir='ltr'>Parisino</span> <span class='ocrx_word' id='word_1_381' title='bbox 623 2667 714 2702; x_wconf 85' lang='grc'>9652</span> <span class='ocrx_word' id='word_1_382' title='bbox 741 2670 778 2702; x_wconf 88' lang='lat' dir='ltr'>et</span> <span class='ocrx_word' id='word_1_383' title='bbox 802 2666 840 2701; x_wconf 89' lang='lat' dir='ltr'>in</span> <span class='ocrx_word' id='word_1_384' title='bbox 866 2666 1029 2712; x_wconf 86' lang='lat' dir='ltr'>epitome</span> <span class='ocrx_word' id='word_1_385' title='bbox 1055 2667 1357 2712; x_wconf 83' lang='lat' dir='ltr'>Guelferbytana.</span> 
     </span>
    </p>

    <p class='ocr_par' dir='ltr' id='par_1_14' title="bbox 368 2720 2295 3400">
     <span class='ocr_line' id='line_1_43' title="bbox 483 2720 2294 2769; baseline -0.002 -10"><span class='ocrx_word' id='word_1_386' title='bbox 483 2724 727 2759; x_wconf 85' lang='lat' dir='ltr'>Rubricarum</span> <span class='ocrx_word' id='word_1_387' title='bbox 753 2724 1034 2769; x_wconf 77' lang='lat' dir='ltr'>explanationes</span> <span class='ocrx_word' id='word_1_388' title='bbox 1060 2724 1182 2760; x_wconf 85' lang='lat' dir='ltr'>editae</span> <span class='ocrx_word' id='word_1_389' title='bbox 1209 2724 1309 2769; x_wconf 88' lang='lat' dir='ltr'>apud</span> <span class='ocrx_word' id='word_1_390' title='bbox 1332 2723 1552 2760; x_wconf 88' lang='lat' dir='ltr'>Haenelium</span> <span class='ocrx_word' id='word_1_391' title='bbox 1577 2724 1677 2759; x_wconf 89' lang='lat' dir='ltr'>brev.</span> <span class='ocrx_word' id='word_1_392' title='bbox 1697 2736 1732 2769; x_wconf 91' lang='lat' dir='ltr'>p.</span> <span class='ocrx_word' id='word_1_393' title='bbox 1750 2723 1868 2758; x_wconf 86' lang='lat'>5—-15</span> <span class='ocrx_word' id='word_1_394' title='bbox 1894 2723 2153 2766; x_wconf 84' lang='lat' dir='ltr'>tractataeque</span> <span class='ocrx_word' id='word_1_395' title='bbox 2177 2720 2226 2756; x_wconf 85' lang='lat' dir='ltr'>ab</span> <span class='ocrx_word' id='word_1_396' title='bbox 2251 2732 2294 2756; x_wconf 83' lang='lat' dir='ltr'>eo</span> 
     </span>
     <span class='ocr_line' id='line_1_44' title="bbox 370 2777 2295 2826; baseline -0.002 -10"><span class='ocrx_word' id='word_1_397' title='bbox 370 2793 404 2826; x_wconf 89' lang='lat' dir='ltr'>p.</span> <span class='ocrx_word' id='word_1_398' title='bbox 429 2781 553 2815; x_wconf 82' lang='lat' dir='ltr'>XXIII</span> <span class='ocrx_word' id='word_1_399' title='bbox 585 2784 621 2816; x_wconf 87' lang='lat' dir='ltr'>et</span> <span class='ocrx_word' id='word_1_400' title='bbox 655 2793 676 2816; x_wconf 89' lang='lat' dir='ltr'>a</span> <span class='ocrx_word' id='word_1_401' title='bbox 703 2781 863 2816; x_wconf 86' lang='lat' dir='ltr'>Conrato</span> <span class='ocrx_word' id='word_1_402' title='bbox 891 2782 1035 2826; x_wconf 79' lang='lat' dir='ltr'>Quellen</span> <span class='ocrx_word' id='word_1_403' title='bbox 1063 2782 1078 2816; x_wconf 98' lang='grc'>1</span> <span class='ocrx_word' id='word_1_404' title='bbox 1112 2794 1147 2826; x_wconf 92' lang='lat' dir='ltr'>p.</span> <span class='ocrx_word' id='word_1_405' title='bbox 1171 2781 1238 2816; x_wconf 80' lang='lat'>218</span> <span class='ocrx_word' id='word_1_406' title='bbox 1253 2792 1327 2826; x_wconf 89' lang='lat' dir='ltr'>seq.</span> <span class='ocrx_word' id='word_1_407' title='bbox 1360 2780 1567 2816; x_wconf 86' lang='lat' dir='ltr'>utilitatem</span> <span class='ocrx_word' id='word_1_408' title='bbox 1598 2781 1740 2816; x_wconf 86' lang='lat' dir='ltr'>nullam</span> <span class='ocrx_word' id='word_1_409' title='bbox 1774 2780 1966 2825; x_wconf 86' lang='lat' dir='ltr'>praebent.</span> <span class='ocrx_word' id='word_1_410' title='bbox 2020 2777 2226 2814; x_wconf 86' lang='lat' dir='ltr'>Discedunt</span> <span class='ocrx_word' id='word_1_411' title='bbox 2256 2777 2295 2812; x_wconf 90' lang='lat' dir='ltr'>in</span> 
     </span>
     <span class='ocr_line' id='line_1_45' title="bbox 369 2834 2295 2884; baseline -0.003 -10"><span class='ocrx_word' id='word_1_412' title='bbox 369 2850 505 2884; x_wconf 84' lang='lat' dir='ltr'>genera</span> <span class='ocrx_word' id='word_1_413' title='bbox 539 2838 610 2873; x_wconf 91' lang='lat' dir='ltr'>duo</span> <span class='ocrx_word' id='word_1_414' title='bbox 646 2838 855 2874; x_wconf 77' lang='lat' dir='ltr'>breviorum</span> <span class='ocrx_word' id='word_1_415' title='bbox 889 2838 1052 2883; x_wconf 89' lang='lat' dir='ltr'>itemque</span> <span class='ocrx_word' id='word_1_416' title='bbox 1087 2838 1355 2882; x_wconf 85' lang='lat' dir='ltr'>antiquiorum,</span> <span class='ocrx_word' id='word_1_417' title='bbox 1391 2837 1538 2874; x_wconf 88' lang='lat' dir='ltr'>scilicet</span> <span class='ocrx_word' id='word_1_418' title='bbox 1573 2849 1699 2873; x_wconf 87' lang='lat' dir='ltr'>earum</span> <span class='ocrx_word' id='word_1_419' title='bbox 1730 2849 1826 2882; x_wconf 89' lang='lat' dir='ltr'>quae</span> <span class='ocrx_word' id='word_1_420' title='bbox 1858 2837 1896 2871; x_wconf 89' lang='lat' dir='ltr'>in</span> <span class='ocrx_word' id='word_1_421' title='bbox 1927 2834 2099 2872; x_wconf 85' lang='lat' dir='ltr'>Haenelii</span> <span class='ocrx_word' id='word_1_422' title='bbox 2131 2834 2295 2870; x_wconf 86' lang='lat' dir='ltr'>editione</span> 
     </span>
     <span class='ocr_line' id='line_1_46' title="bbox 368 2891 2294 2941; baseline -0.002 -11"><span class='ocrx_word' id='word_1_423' title='bbox 368 2896 568 2931; x_wconf 90' lang='lat' dir='ltr'>secundum</span> <span class='ocrx_word' id='word_1_424' title='bbox 593 2896 714 2931; x_wconf 89' lang='lat' dir='ltr'>locum</span> <span class='ocrx_word' id='word_1_425' title='bbox 739 2898 934 2941; x_wconf 85' lang='lat' dir='ltr'>occupant,</span> <span class='ocrx_word' id='word_1_426' title='bbox 961 2898 999 2931; x_wconf 88' lang='lat' dir='ltr'>et</span> <span class='ocrx_word' id='word_1_427' title='bbox 1024 2895 1241 2941; x_wconf 85' lang='lat' dir='ltr'>longiorum,</span> <span class='ocrx_word' id='word_1_428' title='bbox 1268 2907 1424 2940; x_wconf 89' lang='lat' dir='ltr'>quarum</span> <span class='ocrx_word' id='word_1_429' title='bbox 1449 2895 1537 2931; x_wconf 88' lang='lat' dir='ltr'>illae</span> <span class='ocrx_word' id='word_1_430' title='bbox 1562 2894 1798 2940; x_wconf 89' lang='lat' dir='ltr'>reperiuntur</span> <span class='ocrx_word' id='word_1_431' title='bbox 1821 2894 1859 2928; x_wconf 90' lang='lat' dir='ltr'>in</span> <span class='ocrx_word' id='word_1_432' title='bbox 1883 2892 2022 2939; x_wconf 84' lang='lat' dir='ltr'>plenis,</span> <span class='ocrx_word' id='word_1_433' title='bbox 2048 2893 2120 2928; x_wconf 85' lang='lat' dir='ltr'>hae</span> <span class='ocrx_word' id='word_1_434' title='bbox 2145 2893 2232 2927; x_wconf 89' lang='lat' dir='ltr'>sunt</span> <span class='ocrx_word' id='word_1_435' title='bbox 2254 2891 2294 2927; x_wconf 89' lang='lat' dir='ltr'>in</span> 
     </span>
     <span class='ocr_line' id='line_1_47' title="bbox 370 2948 2293 2996; baseline -0.002 -9"><span class='ocrx_word' id='word_1_436' title='bbox 370 2952 456 2987; x_wconf 91' lang='lat' dir='ltr'>solis</span> <span class='ocrx_word' id='word_1_437' title='bbox 482 2952 696 2994; x_wconf 87' lang='lat' dir='ltr'>decurtatis,</span> <span class='ocrx_word' id='word_1_438' title='bbox 722 2952 868 2988; x_wconf 87' lang='lat' dir='ltr'>scilicet</span> <span class='ocrx_word' id='word_1_439' title='bbox 892 2952 997 2988; x_wconf 88' lang='lat' dir='ltr'>libris</span> <span class='ocrx_word' id='word_1_440' title='bbox 1020 2952 1094 2987; x_wconf 91' lang='lat' dir='ltr'>his:</span> <span class='ocrx_word' id='word_1_441' title='bbox 1119 2952 1362 2988; x_wconf 90' lang='lat' dir='ltr'>Ambrosiano</span> <span class='ocrx_word' id='word_1_442' title='bbox 1380 2952 1417 2987; x_wconf 81' lang='lat' dir='ltr'>C.</span> <span class='ocrx_word' id='word_1_443' title='bbox 1433 2953 1500 2987; x_wconf 85' lang='lat'>276</span> <span class='ocrx_word' id='word_1_444' title='bbox 1512 2952 1587 2993; x_wconf 87' lang='lat' dir='ltr'>inf.‚</span> <span class='ocrx_word' id='word_1_445' title='bbox 1605 2950 1791 2993; x_wconf 84' lang='lat' dir='ltr'>Bernensi‚</span> <span class='ocrx_word' id='word_1_446' title='bbox 1810 2949 2038 2987; x_wconf 88' lang='lat' dir='ltr'>Berolinensi</span> <span class='ocrx_word' id='word_1_447' title='bbox 2054 2948 2293 2996; x_wconf 80' lang='lat' dir='ltr'>Savigniano,</span> 
     </span>
     <span class='ocr_line' id='line_1_48' title="bbox 369 3005 2294 3055; baseline -0.001 -12"><span class='ocrx_word' id='word_1_448' title='bbox 369 3009 704 3055; x_wconf 86' lang='lat' dir='ltr'>Montispessulano</span> <span class='ocrx_word' id='word_1_449' title='bbox 725 3010 800 3051; x_wconf 83' lang='lat'>136,</span> <span class='ocrx_word' id='word_1_450' title='bbox 826 3009 1003 3046; x_wconf 87' lang='lat' dir='ltr'>Parisinis</span> <span class='ocrx_word' id='word_1_451' title='bbox 1021 3011 1123 3046; x_wconf 84' lang='lat'>4409.</span> <span class='ocrx_word' id='word_1_452' title='bbox 1148 3011 1247 3045; x_wconf 88' lang='grc'>4412.</span> <span class='ocrx_word' id='word_1_453' title='bbox 1271 3010 1373 3044; x_wconf 84' lang='lat'>4413.</span> <span class='ocrx_word' id='word_1_454' title='bbox 1396 3010 1497 3044; x_wconf 85' lang='lat'>4414.</span> <span class='ocrx_word' id='word_1_455' title='bbox 1519 3010 1620 3051; x_wconf 85' lang='lat'>4415,</span> <span class='ocrx_word' id='word_1_456' title='bbox 1640 3008 1834 3044; x_wconf 87' lang='lat' dir='ltr'>Vaticanis</span> <span class='ocrx_word' id='word_1_457' title='bbox 1857 3007 2009 3054; x_wconf 88' lang='lat' dir='ltr'>reginae</span> <span class='ocrx_word' id='word_1_458' title='bbox 2027 3007 2116 3043; x_wconf 87' lang='lat'>1023</span> <span class='ocrx_word' id='word_1_459' title='bbox 2137 3009 2177 3043; x_wconf 88' lang='lat' dir='ltr'>et</span> <span class='ocrx_word' id='word_1_460' title='bbox 2195 3005 2294 3047; x_wconf 86' lang='lat'>1048,</span> 
     </span>
     <span class='ocr_line' id='line_1_49' title="bbox 371 3063 2295 3113; baseline -0.001 -12"><span class='ocrx_word' id='word_1_461' title='bbox 371 3067 535 3111; x_wconf 80' lang='lat' dir='ltr'>facitque</span> <span class='ocrx_word' id='word_1_462' title='bbox 566 3067 604 3102; x_wconf 86' lang='lat' dir='ltr'>id</span> <span class='ocrx_word' id='word_1_463' title='bbox 629 3068 676 3103; x_wconf 87' lang='lat' dir='ltr'>ad</span> <span class='ocrx_word' id='word_1_464' title='bbox 702 3079 930 3103; x_wconf 87' lang='lat' dir='ltr'>communem</span> <span class='ocrx_word' id='word_1_465' title='bbox 955 3068 1084 3103; x_wconf 89' lang='lat' dir='ltr'>horum</span> <span class='ocrx_word' id='word_1_466' title='bbox 1110 3067 1288 3103; x_wconf 89' lang='lat' dir='ltr'>librorum</span> <span class='ocrx_word' id='word_1_467' title='bbox 1313 3067 1494 3113; x_wconf 87' lang='lat' dir='ltr'>originem</span> <span class='ocrx_word' id='word_1_468' title='bbox 1519 3066 1791 3103; x_wconf 82' lang='lat' dir='ltr'>declarandam.</span> <span class='ocrx_word' id='word_1_469' title='bbox 1839 3064 2024 3101; x_wconf 75' lang='lat' dir='ltr'>Differ-unt</span> <span class='ocrx_word' id='word_1_470' title='bbox 2047 3066 2173 3100; x_wconf 84' lang='lat' dir='ltr'>tamen</span> <span class='ocrx_word' id='word_1_471' title='bbox 2197 3063 2295 3099; x_wconf 82' lang='lat' dir='ltr'>inter</span> 
     </span>
     <span class='ocr_line' id='line_1_50' title="bbox 371 3119 2293 3171; baseline -0.002 -12"><span class='ocrx_word' id='word_1_472' title='bbox 371 3137 407 3159; x_wconf 91' lang='lat' dir='ltr'>se</span> <span class='ocrx_word' id='word_1_473' title='bbox 417 3138 424 3166; x_wconf 91' lang='lat'>;</span> <span class='ocrx_word' id='word_1_474' title='bbox 457 3125 617 3171; x_wconf 82' lang='lat' dir='ltr'>exempli</span> <span class='ocrx_word' id='word_1_475' title='bbox 649 3138 761 3162; x_wconf 88' lang='lat' dir='ltr'>causa</span> <span class='ocrx_word' id='word_1_476' title='bbox 784 3128 908 3161; x_wconf 89' lang='lat' dir='ltr'>noster</span> <span class='ocrx_word' id='word_1_477' title='bbox 939 3125 1202 3171; x_wconf 81' lang='lat' dir='ltr'>Savignianus,</span> <span class='ocrx_word' id='word_1_478' title='bbox 1234 3124 1332 3160; x_wconf 89' lang='lat' dir='ltr'>inter</span> <span class='ocrx_word' id='word_1_479' title='bbox 1362 3136 1423 3159; x_wconf 89' lang='lat' dir='ltr'>eos</span> <span class='ocrx_word' id='word_1_480' title='bbox 1453 3136 1544 3169; x_wconf 87' lang='lat' dir='ltr'>quos</span> <span class='ocrx_word' id='word_1_481' title='bbox 1576 3122 1775 3159; x_wconf 87' lang='lat' dir='ltr'>citavimus</span> <span class='ocrx_word' id='word_1_482' title='bbox 1807 3122 1884 3158; x_wconf 88' lang='lat' dir='ltr'>fere</span> <span class='ocrx_word' id='word_1_483' title='bbox 1915 3121 2095 3168; x_wconf 80' lang='lat' dir='ltr'>optimus,</span> <span class='ocrx_word' id='word_1_484' title='bbox 2127 3119 2167 3156; x_wconf 89' lang='lat' dir='ltr'>in</span> <span class='ocrx_word' id='word_1_485' title='bbox 2196 3119 2293 3156; x_wconf 89' lang='lat' dir='ltr'>libro</span> 
     </span>
     <span class='ocr_line' id='line_1_51' title="bbox 372 3176 2294 3229; baseline -0.003 -12"><span class='ocrx_word' id='word_1_486' title='bbox 372 3182 482 3217; x_wconf 86' lang='lat' dir='ltr'>tertio</span> <span class='ocrx_word' id='word_1_487' title='bbox 500 3195 566 3227; x_wconf 89' lang='lat' dir='ltr'>pro</span> <span class='ocrx_word' id='word_1_488' title='bbox 584 3182 813 3229; x_wconf 86' lang='lat' dir='ltr'>longioribus</span> <span class='ocrx_word' id='word_1_489' title='bbox 831 3182 906 3218; x_wconf 90' lang='lat' dir='ltr'>illis</span> <span class='ocrx_word' id='word_1_490' title='bbox 930 3182 1257 3227; x_wconf 80' lang='lat' dir='ltr'>explanationibus</span> <span class='ocrx_word' id='word_1_491' title='bbox 1275 3182 1491 3227; x_wconf 86' lang='lat' dir='ltr'>plerumque</span> <span class='ocrx_word' id='word_1_492' title='bbox 1509 3180 1617 3227; x_wconf 87' lang='lat' dir='ltr'>ponit</span> <span class='ocrx_word' id='word_1_493' title='bbox 1641 3179 1827 3216; x_wconf 90' lang='lat' dir='ltr'>breviores</span> <span class='ocrx_word' id='word_1_494' title='bbox 1844 3178 2027 3222; x_wconf 81' lang='lat' dir='ltr'>Haenelii,</span> <span class='ocrx_word' id='word_1_495' title='bbox 2051 3181 2094 3214; x_wconf 86' lang='lat' dir='ltr'>at</span> <span class='ocrx_word' id='word_1_496' title='bbox 2116 3177 2155 3212; x_wconf 91' lang='lat' dir='ltr'>in</span> <span class='ocrx_word' id='word_1_497' title='bbox 2179 3176 2294 3213; x_wconf 89' lang='lat' dir='ltr'>titulo</span> 
     </span>
     <span class='ocr_line' id='line_1_52' title="bbox 371 3234 2294 3286; baseline -0.002 -13"><span class='ocrx_word' id='word_1_498' title='bbox 371 3241 503 3274; x_wconf 82' lang='lat' dir='ltr'>octavo</span> <span class='ocrx_word' id='word_1_499' title='bbox 523 3240 637 3275; x_wconf 83' lang='lat' dir='ltr'>habet</span> <span class='ocrx_word' id='word_1_500' title='bbox 655 3240 955 3286; x_wconf 78' lang='lat' dir='ltr'>explanationem</span> <span class='ocrx_word' id='word_1_501' title='bbox 973 3240 1074 3285; x_wconf 89' lang='lat' dir='ltr'>apud</span> <span class='ocrx_word' id='word_1_502' title='bbox 1090 3239 1310 3276; x_wconf 88' lang='lat' dir='ltr'>Haenelium</span> <span class='ocrx_word' id='word_1_503' title='bbox 1328 3239 1448 3285; x_wconf 91' lang='lat' dir='ltr'>primo</span> <span class='ocrx_word' id='word_1_504' title='bbox 1465 3239 1546 3274; x_wconf 86' lang='lat' dir='ltr'>loco</span> <span class='ocrx_word' id='word_1_505' title='bbox 1564 3237 1736 3284; x_wconf 82' lang='lat' dir='ltr'>positam,</span> <span class='ocrx_word' id='word_1_506' title='bbox 1759 3237 1797 3273; x_wconf 88' lang='lat' dir='ltr'>in</span> <span class='ocrx_word' id='word_1_507' title='bbox 1814 3237 1945 3283; x_wconf 88' lang='lat' dir='ltr'>quinto</span> <span class='ocrx_word' id='word_1_508' title='bbox 1962 3235 2104 3272; x_wconf 82' lang='lat' dir='ltr'>decimo</span> <span class='ocrx_word' id='word_1_509' title='bbox 2121 3234 2294 3271; x_wconf 75' lang='lat' dir='ltr'>Haenelii</span> 
     </span>
     <span class='ocr_line' id='line_1_53' title="bbox 372 3291 2294 3343; baseline -0.002 -13"><span class='ocrx_word' id='word_1_510' title='bbox 372 3295 532 3331; x_wconf 88' lang='lat' dir='ltr'>tertiam.</span> <span class='ocrx_word' id='word_1_511' title='bbox 558 3316 601 3321; x_wconf 94' lang='lat'>-—</span> <span class='ocrx_word' id='word_1_512' title='bbox 626 3297 678 3332; x_wconf 86' lang='lat' dir='ltr'>Ex</span> <span class='ocrx_word' id='word_1_513' title='bbox 704 3297 1030 3343; x_wconf 84' lang='lat' dir='ltr'>explanationibus</span> <span class='ocrx_word' id='word_1_514' title='bbox 1055 3296 1285 3333; x_wconf 87' lang='lat' dir='ltr'>brevioribus</span> <span class='ocrx_word' id='word_1_515' title='bbox 1309 3308 1422 3342; x_wconf 89' lang='lat' dir='ltr'>supra</span> <span class='ocrx_word' id='word_1_516' title='bbox 1446 3309 1481 3341; x_wconf 92' lang='lat' dir='ltr'>p.</span> <span class='ocrx_word' id='word_1_517' title='bbox 1499 3297 1624 3331; x_wconf 81' lang='lat'>5-26</span> <span class='ocrx_word' id='word_1_518' title='bbox 1650 3296 1696 3332; x_wconf 87' lang='lat' dir='ltr'>ad</span> <span class='ocrx_word' id='word_1_519' title='bbox 1720 3295 1951 3332; x_wconf 87' lang='lat' dir='ltr'>rubricarum</span> <span class='ocrx_word' id='word_1_520' title='bbox 1973 3293 2136 3330; x_wconf 81' lang='lat' dir='ltr'>indicem</span> <span class='ocrx_word' id='word_1_521' title='bbox 2158 3303 2222 3328; x_wconf 82' lang='lat' dir='ltr'>eas</span> <span class='ocrx_word' id='word_1_522' title='bbox 2255 3291 2294 3327; x_wconf 89' lang='lat' dir='ltr'>in</span> 
     </span>
     <span class='ocr_line' id='line_1_54' title="bbox 374 3353 2292 3400; baseline -0.001 -13"><span class='ocrx_word' id='word_1_523' title='bbox 374 3356 558 3398; x_wconf 84' lang='lat' dir='ltr'>apparatu</span> <span class='ocrx_word' id='word_1_524' title='bbox 585 3354 790 3399; x_wconf 85' lang='lat' dir='ltr'>posuimus,</span> <span class='ocrx_word' id='word_1_525' title='bbox 817 3366 908 3400; x_wconf 87' lang='lat' dir='ltr'>quas</span> <span class='ocrx_word' id='word_1_526' title='bbox 933 3355 1074 3391; x_wconf 79' lang='lat' dir='ltr'>habent</span> <span class='ocrx_word' id='word_1_527' title='bbox 1098 3355 1185 3391; x_wconf 84' lang='lat' dir='ltr'>libri</span> <span class='ocrx_word' id='word_1_528' title='bbox 1211 3355 1352 3400; x_wconf 82' lang='lat' dir='ltr'>plures,</span> <span class='ocrx_word' id='word_1_529' title='bbox 1384 3356 1537 3400; x_wconf 88' lang='lat' dir='ltr'>propter</span> <span class='ocrx_word' id='word_1_530' title='bbox 1561 3353 1844 3398; x_wconf 61' lang='lat' dir='ltr'>antiquitatem</span> <span class='ocrx_word' id='word_1_531' title='bbox 1878 3363 1940 3388; x_wconf 86' lang='lat' dir='ltr'>eas</span> <span class='ocrx_word' id='word_1_532' title='bbox 1965 3353 2106 3394; x_wconf 82' lang='lat' dir='ltr'>autem,</span> <span class='ocrx_word' id='word_1_533' title='bbox 2132 3361 2224 3396; x_wconf 82' lang='lat' dir='ltr'>quas</span> <span class='ocrx_word' id='word_1_534' title='bbox 2248 3361 2292 3385; x_wconf 84' lang='lat' dir='ltr'>ex</span> 
     </span>
    </p>
   </div>
   <div class='ocr_carea' id='block_1_12' title="bbox 2430 3183 2485 3615">
    <p class='ocr_par' dir='ltr' id='par_1_15' title="bbox 2430 3183 2485 3615">
     <span class='ocr_line' id='line_1_55' title="bbox 2430 3183 2485 3615; baseline 0 0"><span class='ocrx_word' id='word_1_535' title='bbox 2430 3183 2485 3615; x_wconf 95' lang='lat' dir='ltr'> </span> 
     </span>
    </p>
   </div>
  </div>
 </body>
</html>
