2501 3615
1010 120 1280 157 —Xlx—

211 216 558 254 GREGORIANVS
851 221 1224 259 THEODOSIANVS
1635 228 1949 266 IVSTINIANVS

782 314 1111 350 THEODOSIANI
1143 316 1285 352 LIBER
1317 316 1499 354 SEXTVS

179 387 380 430 Iust.12,l,
397 390 414 425 1
653 394 668 427 1
697 394 754 439 [de
781 394 1041 441 dignitatibus]
1459 400 1567 462 ’'12st
1597 416 1638 430 =

649 450 669 484 2
696 451 738 486 de
764 452 950 488 senatoria
974 452 1160 499 dignitate

649 506 670 541 3
695 507 740 542 (16
766 508 929 553 praediis
954 511 1164 545 senatorum

1460 557 1512 671 ll,
1530 569 1573 606 39
1599 571 1643 607 (16
1669 571 1790 607 officio
1815 575 2025 618 praetorum

605 642 609 665 1
647 623 669 656 4
693 622 737 657 de
762 622 996 668 praetoribus
1021 626 1059 659 et
1084 625 1341 669 quaestoribus
1439 588 1451 715 ἕ
1484 628 1571 670 12,2
1597 628 1640 664 (16
1654 627 1886 674 praetoribus
1904 629 2092 666 ethonore

1461 675 1464 679 ’
1549 687 1744 730 praeturae
1769 690 1827 721 σα.

647 737 667 771 5
692 739 734 772 ut
759 737 989 783 dignitatum
1014 738 1102 774 ordo
1127 742 1294 775 servetur
1484 741 1534 782 12,
1549 742 1570 776 8
1596 757 1638 771 =

645 793 667 828 6
692 794 736 830 (16
761 794 990 837 consulibus,
1016 795 1225 840 praefectis,
1256 797 1444 844 magistris
1483 798 1570 840 123
1596 814 1638 828 =

690 850 854 886 militum
880 854 918 887 et
943 851 1114 896 patriciis

645 907 666 941 7
691 907 735 942 de
756 907 955 952 praefectis
972 909 1160 954 praetorio
1185 909 1262 947 sive
1280 910 1381 947 urbis
1407 914 1444 948 et
1482 911 1570 953 12,4
1595 927 1638 941 =

691 963 882 1010 magistris
905 964 1069 1001 militum

645 1021 666 1056 8
692 1020 737 1057 de
762 1021 987 1067 praepositis
1013 1022 1108 1058 sacri
1135 1022 1297 1059 cubiculi
1482 1025 1534 1067 12,
1550 1026 1570 1060 5
1595 1026 1639 1061 (16
1665 1038 1718 1071 pr.
1744 1040 1768 1061 s.
1793 1039 1822 1062 c.
1849 1030 1887 1063 et
1910 1028 1954 1064 de
1980 1028 2091 1064 omni-

1548 1082 1617 1118 bus
1642 1083 1878 1119 cubiculariis
1909 1087 1947 1120 et
1980 1084 2091 1129 privi-

1548 1138 1657 1185 legiis
1682 1151 1805 1176 eorum

644 1192 666 1227 9
691 1192 735 1227 (16
771 1193 1046 1237 quaest-oribus,
1082 1193 1271 1240 magistris
1309 1195 1444 1231 officio-
1483 1195 1570 1237 12,6
1596 1211 1638 1225 =

689 1261 784 1291 rum,
820 1248 955 1285 comite
986 1261 1171 1285 sacrarum
1202 1251 1443 1298 largitionum

690 1308 729 1342 et
752 1317 873 1342 rerum
897 1306 1130 1352 privatarum

623 1363 666 1399 10
690 1363 734 1400 de
760 1363 970 1409 primicerio
996 1367 1034 1400 et
1058 1364 1214 1400 not-ariis
1481 1367 1567 1408 12,7
1593 1367 1636 1402 de
1670 1380 1724 1413 pr.
1759 1371 1796 1403 et
1834 1368 2090 1404 secundocerio

623 1478 662 1514 11
690 1478 734 1514 de
758 1477 950 1524 magistris
975 1478 1191 1514 scriniorum
1480 1479 1531 1521 12,
1545 1426 1683 1515 gtss-Ot.

622 1537 665 1572 12
689 1535 733 1571 de
758 1535 958 1572 comitibus
983 1535 1259 1571 consistorianis
1480 1537 1531 1578 12,
1548 1537 1590 1573 10
1615 1552 1657 1567 =

622 1592 664 1628 13
689 1592 734 1628 de
759 1591 958 1628 comitibus
983 1594 1021 1629 et
1048 1592 1207 1628 tribunis
1231 1593 1459 1629 scholarum¹
1479 1594 1530 1635 12,
1548 1594 1587 1628 11
1615 1609 1657 1623 =

621 1649 665 1684 14
688 1649 733 1684 de
758 1649 957 1684 comitibus
980 1650 1035 1685 rei
1058 1649 1232 1686 militaris
1479 1650 1530 1691 12,
1547 1650 1589 1684 12
1616 1665 1657 1679 =

621 1707 663 1741 15
688 1706 732 1742 de
758 1705 972 1748 comitibus,
999 1707 1063 1752 qui
1089 1705 1307 1742 inlustribus
1332 1718 1439 1754 agen-

687 1762 789 1799 tibus
813 1763 985 1799 adsident

621 1821 662 1856 16
688 1820 732 1856 de
773 1820 970 1856 comitibus
1016 1823 1055 1856 et
1100 1820 1298 1856 archiatris
1345 1821 1440 1857 sacri
1478 1819 1588 1862 12,13
1613 1835 1655 1850 =

689 1877 825 1922 palatii

621 1934 663 1969 17
688 1933 733 1969 de
751 1932 959 1975 comitibus
985 1933 1050 1978 qui
1073 1933 1284 1979 provincias
1307 1939 1440 1982 regunt
1478 1935 1531 1976 12,
1548 1935 1590 1970 14
1615 1950 1657 1964 =

621 1990 663 2026 18
688 1990 733 2026 de
758 1990 956 2025 comitibus
982 1991 1202 2026 vacantibus

621 2047 663 2082 19
688 2047 733 2083 de
758 2047 1012 2083 consularibus
1036 2050 1074 2084 et
1098 2049 1330 2094 praesidibus

618 2103 664 2139 20
688 2103 732 2139 de
763 2103 962 2139 comitibus
992 2103 1129 2139 ordinis
1164 2104 1275 2150 primi
1305 2105 1440 2141 artium

688 2160 916 2195 diversarum

618 2216 660 2251 21
687 2217 732 2252 de
757 2217 1043 2262 professoribus,
1074 2217 1139 2262 qui
1168 2218 1207 2254 in
1236 2220 1325 2255 urbe
1351 2219 1440 2256 Con·
1479 2219 1530 2260 12,
1546 2218 1588 2254 15
1613 2233 1656 2247 =

687 2274 1025 2319 stantinopolitana
1065 2275 1237 2312 docentes
1277 2288 1320 2312 ex
1357 2277 1440 2323 lege

686 2330 888 2367 meruerint
913 2330 1128 2366 comitivam

617 2386 661 2421 22
686 2387 731 2422 de
756 2387 964 2423 honorariis
989 2387 1172 2423 codicillis

616 2443 661 2478 23
687 2443 731 2479 de
757 2444 1016 2480 decurionibus
1041 2447 1080 2480 et
1105 2445 1320 2481 silentiariis
1477 2445 1528 2487 12,
1545 2447 1586 2481 16
1612 2462 1654 2476 =

616 2501 662 2535 24
687 2501 731 2536 de
757 2500 970 2537 domesticis
995 2503 1033 2537 et
1058 2502 1330 2546 protectoribus
1476 2503 1528 2543 12,
1544 2502 1586 2536 17
1612 2517 1653 2532 =

615 2558 660 2592 25
686 2558 730 2593 de
755 2557 981 2603 praepositis
1006 2558 1176 2594 labarum
1476 2559 1527 2600 12,
1544 2559 1585 2594 18
1610 2575 1652 2588 =

615 2613 660 2647 26
685 2613 729 2649 (16
742 2614 930 2659 proximis,
943 2614 1140 2650 comitibus
1153 2615 1436 2661 dispositionum
1475 2616 1526 2658 12,
1544 2617 1585 2651 19
1617 2616 1662 2652 (16
1692 2614 1866 2660 proximis
1900 2625 2084 2649 sacrorum

684 2670 889 2715 ceterisque
907 2671 971 2716 qui
993 2670 1031 2706 in
1048 2671 1163 2706 sacris
1180 2672 1324 2708 scriniis
1341 2672 1436 2708 mili-
1542 2671 1756 2708 scriniorum
1775 2670 1978 2716 ceterisque
1996 2682 2029 2714 q.
2048 2669 2084 2704 in

685 2729 772 2761 tant
1540 2742 1567 2764 s.
1585 2741 1611 2764 s.
1630 2741 1675 2763 m.

614 2782 659 2816 27
683 2782 728 2817 de
753 2784 954 2829 agentibus
978 2784 1018 2819 in
1041 2784 1149 2821 rebus
1474 2784 1526 2827 12,
1541 2785 1586 2820 20
1611 2800 1653 2814 =

614 2838 658 2873 28
683 2839 728 2875 de
753 2839 987 2886 principibus
1011 2843 1188 2888 agentum
1212 2841 1251 2878 in
1275 2843 1383 2879 rebus
1474 2841 1526 2883 12,
1539 2841 1581 2877 21
1609 2856 1652 2870 =

614 2896 657 2931 29
683 2896 728 2932 (16
754 2897 909 2933 curiosis
1474 2897 1584 2939 12,22
1609 2913 1651 2927 --

614 2952 660 2988 30
684 2953 727 2988 (16
762 2953 943 2999 palatinis
977 2966 1163 2990 sacrarum
1195 2954 1436 3002 largitionum
1474 2956 1525 2997 12,
1540 2955 1584 2990 23
1609 2970 1651 2985 =

683 3012 721 3045 et
745 3021 865 3046 rerum
890 3010 1121 3056 privatarum

614 3065 656 3101 31
684 3066 728 3101 de
753 3068 974 3104 stratoribus
1475 3068 1584 3110 12,24
1609 3083 1651 3098 =

614 3122 658 3158 32
684 3123 728 3159 de
754 3124 1013 3161 castrensianis
1475 3125 1526 3167 12,
1540 3125 1584 3161 25
1620 3126 1665 3162 de
1703 3127 1810 3161 castr.
1847 3126 1885 3160 et
1917 3125 2080 3162 ministe-

1539 3182 1654 3218 rianis

614 3235 659 3272 33
683 3236 729 3273 (16
755 3237 904 3273 decanis
1231 3278 1236 3282 ¹
1475 3239 1526 3281 12,
1539 3239 1584 3274 26
1609 3254 1651 3269 =

615 3293 660 3330 34
685 3294 730 3330 de
753 3294 980 3331 mensoribus
1476 3296 1526 3338 12,
1540 3295 1584 3330 27
1609 3311 1651 3326 =
