2485 3615
1179 116 1222 121 —
1272 95 1405 130 LXXX
1454 115 1497 120 —

465 204 621 248 ‘posset
655 203 702 238 ab
735 201 949 237 amanuensi
978 212 1042 235 suo
1070 211 1112 235 ex
1140 198 1257 234 veteri
1282 199 1439 242 quodam
1468 198 1672 243 exemplari
1703 197 1963 234 describendas
1995 200 2190 233 curaverat
2215 225 2222 232 .
2242 225 2249 232 .
2268 225 2276 233 .
2294 224 2302 232 .

463 262 562 305 ‘post
592 260 670 296 eius
704 257 1018 294 luctuosissimum
1050 256 1192 290 obitum
1225 255 1379 290 Ioannes
1411 257 1449 289 et
1474 253 1653 289 Nicolaus
1677 253 1745 289 filii
1770 255 1828 290 illi
1859 255 1999 301 gemini
2029 255 2123 291 mihi
2155 267 2304 291 consan-

463 318 603 364 ‘guinei
633 318 766 352 fratres
790 343 798 351 .
818 344 824 351 .
845 343 877 350 ..
905 316 942 350 in
973 325 1108 359 magno
1143 312 1322 347 librorum
1356 313 1645 356 chartarumque
1677 314 1824 348 cumulo
1858 326 1917 349 me
1947 316 2026 349 tum
2058 313 2208 358 quidem
2242 313 2304 348 vix

463 376 614 421 ‘pubere
640 379 677 411 et
702 373 909 410 studiorum
935 384 1046 407 causa
1077 371 1230 406 absente
1261 370 1330 405 has
1355 369 1462 414 quasi
1493 382 1512 405 e
1537 369 1733 415 naufragio
1758 371 1908 406 tabulas
1933 372 2186 416 (exceperunt)
2214 398 2221 406 .
2243 398 2250 406 .
2269 398 2277 406 .
2296 398 2303 405 .

463 430 607 477 ‘Nuper
632 459 638 466 .
659 459 665 466 .
687 460 693 466 .
721 444 802 466 cum
830 431 873 465 de
899 432 963 465 tuo
982 428 1115 464 Codice
1135 427 1392 464 Theodosiano
1410 427 1549 463 mentio
1571 427 1763 463 incidisset
1789 432 1826 464 et
1852 441 1874 463 a
1898 440 1956 465 me
1982 429 2113 464 harum
2131 429 2305 464 Novella-

463 491 555 525 ‘rum
583 517 589 524 .
609 517 616 524 .
637 517 643 523 .
670 488 820 524 amissio
845 514 851 521 .
871 515 878 522 .
898 515 905 522 .
930 487 1198 531 deploraretur,
1225 485 1397 521 dixerunt
1423 485 1480 519 illi
1506 485 1644 520 habere
1670 496 1707 520 se
1734 497 1817 521 care
1841 486 2025 531 repositas
2051 488 2165 531 atque
2190 486 2306 522 etiam

462 548 573 582 ‘ultro
592 545 830 582 obtulerunt‘.
872 544 1154 580 Schediasmata
1176 543 1269 579 haec
1295 544 1403 588 patet
1426 554 1503 578 esse
1530 554 1574 577 ea
1599 542 1681 587 ipsa
1699 554 1794 587 quae
1821 542 1896 578 iarn
1922 546 2046 580 servat
2071 543 2306 580 bibliotheca

465 603 634 639 Parisina
663 604 729 638 sub
755 616 789 637 11.
807 603 910 637 4420.

408 664 439 698 3.
465 663 522 696 Ad
552 661 696 705 reliqua
727 660 866 696 inserta
898 659 1091 695 Breviario
1125 659 1215 704 quid
1250 659 1389 695 habeat
1421 659 1610 703 exemplar
1642 658 1927 694 Sichardianum
1962 660 2198 701 adnotatum,
2234 672 2307 695 non

466 718 692 760 examinavi;
735 720 902 763 superest
943 717 1059 763 ipsius
1101 717 1239 752 codicis
1279 729 1366 762 pars
1407 719 1572 753 extrema
1612 716 1722 751 hodie
1759 716 2007 753 Berolinensis
2043 717 2124 752 Lat.
2151 717 2214 752 fol.
2240 718 2308 753 270

466 777 621 820 (Haenel
649 777 719 812 lla
740 792 781 805 =
802 776 890 820 1712)
916 775 1098 821 incipiens
1124 775 1163 810 in
1188 775 1414 821 Gregoriano
1443 776 1528 816 10,1
1558 787 1593 819 p.
1613 774 1690 810 231.
1705 775 1746 809 21
1775 774 1942 820 Krueger
1963 775 2039 818 filio
2063 775 2236 818 familiae.

407 842 438 876 4.
466 839 702 885 Appendices
728 839 822 874 duae
848 839 939 875 item
964 840 1163 884 supersunt
1187 850 1231 874 ex
1257 838 1338 883 ipso
1365 837 1490 873 codice
1515 837 1580 876 ita.
1607 841 1649 873 ut
1674 837 1712 872 in
1736 838 1805 872 1100
1831 837 1937 880 libro,
1965 837 2106 883 pariter
2131 840 2245 883 atque
2269 838 2308 873 in

465 897 705 943 Eporediensi
735 899 860 932 nostro
887 897 940 937 Ε,
974 897 1176 942 praecedat
1209 895 1389 941 Kruegeri
1422 895 1620 941 posterior.
1656 898 1834 940 sequatur
1867 895 1969 940 prior
2001 895 2040 930 111
2069 896 2140 931 fine
2172 895 2309 932 mutila

464 956 593 992 finiens
619 968 648 990 c.
669 956 710 990 19
737 968 772 1001 p.
788 956 866 997 257,
881 956 901 989 5
919 955 981 991 Kr.
1000 955 1100 990 verb.
1118 955 1297 988 intestata.
1339 954 1409 988 Illa
1435 953 1624 998 appendix
1650 953 1893 999 inscriptione
1920 954 2032 995 caret⁷
2058 953 2308 1000 subscriptum

465 1016 521 1050 est
547 1007 628 1058 exI—Jl
651 1006 697 1048 ff>
719 1014 814 1048 iuris
837 1014 998 1056 feliciter,
1024 1015 1066 1047 ut
1084 1014 1267 1058 appareat
1284 1012 1381 1046 hanc
1404 1011 1557 1046 librario
1576 1011 1695 1046 visam
1713 1023 1790 1048 esse
1808 1014 1955 1057 part-em
1973 1011 2157 1047 Breviarii
2173 1011 2309 1058 ipsius;

466 1071 576 1107 alteri
601 1071 802 1117 appendici
827 1071 925 1116 quod
950 1069 1218 1116 praescribitur
1241 1069 1421 1103 institut-io
1441 1069 1656 1114 Greyoriani
1679 1068 1778 1103 11111
1797 1069 1850 1104 tit.
1869 1068 1962 1103 XII
1982 1080 2067 1105 vere
2093 1070 2150 1105 est
2174 1068 2310 1115 princi-

465 1130 568 1175 pium
593 1133 717 1166 textus
742 1133 967 1175 corruptum.

409 1191 440 1224 5.
468 1189 556 1224 Post
582 1188 810 1234 appendices
835 1189 927 1223 duas
954 1187 1153 1224 verisimile
1179 1189 1235 1222 est
1265 1185 1512 1231 perscriptam
1543 1184 1656 1219 fuisse
1682 1185 1869 1220 novellam
1894 1184 2027 1220 Leonis
2051 1186 2090 1220 et
2115 1183 2241 1220 Severi
2266 1184 2310 1220 de

467 1246 672 1292 corporatis
698 1246 924 1291 descriptam
950 1245 988 1280 in
1014 1245 1218 1290 exemplari
1243 1244 1310 1279 illo
1334 1243 1577 1278 Sichardiano
1602 1243 1626 1277 f.
1648 1243 1712 1278 167
1738 1244 1776 1278 et
1801 1242 1886 1278 inde
1911 1242 2052 1278 editam
2077 1243 2179 1288 apud
2202 1241 2310 1278 Cuia-

467 1304 564 1339 cium
599 1316 631 1340 a.
657 1305 755 1340 1566.
812 1304 900 1339 Eius
931 1304 1101 1339 novellae
1136 1303 1205 1338 hoc
1240 1303 1358 1337 solum
1390 1302 1601 1347 exemplum
1631 1300 1795 1336 innotuit
1826 1301 1993 1345 plenum,
2027 1311 2115 1335 nam
2149 1300 2311 1336 alterum

468 1361 606 1397 codicis
623 1362 799 1397 Vaticani
825 1362 976 1407 reginae
1004 1362 1093 1397 1050
1118 1363 1231 1396 antea
1256 1359 1454 1395 Petaviani
1480 1358 1752 1404 subscriptione
1788 1361 1889 1394 caret
1922 1359 2035 1402 (errat
2060 1358 2203 1394 Merkel
2227 1357 2311 1394 MG.

467 1420 536 1455 LL.
555 1420 696 1464 3,624),
732 1419 885 1455 tertium
917 1420 1098 1455 Fuldense
1129 1430 1201 1453 non
1232 1418 1349 1453 habet
1378 1416 1450 1451 nisi
1482 1416 1687 1462 epitomani
1720 1418 1944 1461 corruptam.
1996 1415 2311 1452 Constitutionem

468 1490 550 1513 eam
581 1479 727 1513 constat
759 1477 806 1512 ad
836 1489 901 1512 nos
932 1476 1144 1522 pervenisse
1179 1488 1262 1511 011111
1293 1476 1377 1521 lege
1402 1474 1708 1520 Burgundionum
1731 1473 1915 1518 Romana,
1949 1485 2045 1518 quae
2075 1473 2137 1510 tit.
2153 1475 2200 1510 46
2231 1486 2313 1510 con-

467 1535 700 1572 stitutionem
730 1536 826 1570 hanc
860 1536 1002 1571 laudat.
1063 1535 1117 1570 Ea
1149 1534 1187 1569 in
1223 1534 1365 1569 duobus
1397 1532 1672 1578 exemplaribus
1710 1544 1754 1567 ex
1788 1531 1908 1567 tribus
1945 1531 1998 1576 (in
2035 1531 2211 1568 Fuldensi
2251 1532 2313 1567 ad—

466 1594 595 1629 haeret
621 1593 812 1629 Breviario
839 1597 923 1639 post
948 1594 1069 1628 locum
1096 1591 1309 1637 Papiniani)
1334 1602 1417 1627 eain
1445 1591 1566 1636 legem
1599 1586 1817 1635 praecessit,
1849 1601 1935 1625 nam
1969 1589 2084 1625 codex
2106 1588 2314 1624 Vaticanus

468 1653 552 1697 post
570 1651 683 1686 verba
709 1651 788 1687 eius
814 1653 978 1686 extrema
1004 1652 1149 1686 colonus
1172 1650 1283 1692 fuisse
1307 1649 1523 1693 comto-scitur
1541 1649 1608 1683 sub
1627 1647 1741 1683 titulo
1765 1648 1946 1692 incipiunt
1969 1647 2130 1691 capitula
2148 1647 2314 1692 Papiani

466 1710 546 1745 libri
570 1720 821 1754 responsorum
847 1710 967 1755 legem
985 1709 1261 1755 Burgundicam
1281 1707 1444 1749 exhibet,
1470 1718 1588 1751 neque
1614 1706 1773 1741 multum
1800 1706 1846 1740 ab
1867 1716 1912 1741 ea
1929 1704 2163 1742 ordinatione
2181 1704 2314 1742 disces-

468 1767 556 1804 sisse
583 1767 803 1804 crediderim
827 1768 964 1802 librum
990 1767 1249 1803 Pithoeanum.

410 1833 440 1867 6.
467 1831 641 1876 Sequitur
671 1831 710 1866 in
734 1831 978 1866 Sichardiana
1010 1834 1096 1876 post
1127 1842 1208 1866 eam
1240 1830 1362 1876 legem
1389 1828 1617 1864 Modestinus
1647 1828 1855 1873 regularum
1876 1819 1926 1862 lib
1951 1827 2022 1862 III
2045 1827 2109 1862 sub
2131 1828 2238 1863 titulo
2269 1828 2313 1864 de

469 1890 569 1924 bonis
594 1890 799 1924 libertorum
823 1893 853 1924 et
877 1889 919 1924 cle
943 1889 1171 1924 testamentis.
1225 1887 1313 1922 Cum
1338 1915 1345 1922 .
1367 1914 1375 1922 .
1395 1915 1402 1922 .
1427 1889 1692 1929 testamentum,
1727 1897 1836 1930 quem
1864 1885 1987 1920 locum
2012 1885 2192 1922 Pithoeus
2216 1885 2315 1922 filius

470 1951 568 1990 (cum
586 1947 796 1982 Collatione
821 1947 946 1993 legum
964 1945 1212 1981 Mosaicarum
1238 1948 1275 1980 et
1294 1944 1542 1979 Romanarum
1562 1956 1593 1979 a.
1611 1943 1713 1988 1573)
1739 1943 1858 1979 edidit
1882 1955 1918 1988 p.
1933 1944 1987 1985 54,
2014 1943 2154 1979 addens
2178 1956 2214 1990 p.
2231 1944 2313 1980 111:

469 2005 561 2039 lianc
591 2016 705 2038 unam
731 2004 928 2039 Modestmt
956 2004 1115 2050 regulam
1146 2013 1189 2037 eoe
1218 2003 1289 2037 alio
1320 2001 1435 2037 codice
1465 2002 1528 2046 qui
1553 2002 1672 2046 patris
1695 2012 1723 2036 r.
1744 2011 1773 2036 c.
1801 2001 1922 2044 ἴψεται
1946 2001 2088 2046 pridem
2115 2001 2314 2038 habuimus.

469 2063 511 2097 In
536 2062 612 2097 alio
642 2063 745 2097 nullo
779 2062 905 2098 codice
936 2061 1046 2097 hodie
1078 2063 1166 2096 noto
1198 2072 1241 2096 ea
1273 2059 1425 2095 inventa
1459 2062 1531 2101 est,
1568 2059 1805 2105 pendentque
1830 2058 2054 2104 posteriores
2078 2059 2126 2095 ab
2152 2058 2315 2096 editione

470 2120 688 2156 Pithoeana.

414 2178 444 2211 7.
471 2177 648 2222 Sequitur
665 2177 702 2212 in
721 2176 965 2212 Sichardiana
983 2176 1153 2221 exemplo
1171 2176 1275 2211 locus
1298 2175 1342 2210 de
1366 2185 1506 2210 reorum
1529 2174 1701 2210 custodia.
1739 2174 1853 2219 Impp.
1871 2173 2053 2209 Arcadius
2071 2177 2104 2209 et
2119 2174 2316 2210 Honorius.

471 2235 542 2270 Nec
567 2235 785 2270 clirersorzmz
809 2239 866 2270 cet.
886 2236 1066 2279 (extrema
1092 2235 1243 2270 desecta
1267 2235 1385 2277 sunt);
1413 2233 1542 2269 eadem
1571 2233 1748 2278 leguntur
1772 2232 1811 2267 in
1829 2232 2004 2268 Fuldensi
2028 2235 2115 2278 post
2140 2232 2317 2268 constitu-

471 2293 611 2329 tionem
644 2293 749 2328 illam
781 2293 913 2329 Leonis
949 2295 985 2327 et
1018 2291 1143 2327 Severi
1177 2291 1434 2337 epitomatam.
1494 2290 1588 2325 Sunt
1624 2291 1715 2325 haec
1753 2289 1948 2335 inscriptio
1983 2293 2022 2326 et
2053 2290 2317 2337 interpretatio

473 2351 540 2386 Th.
559 2352 590 2391 9,
604 2352 632 2392 1,
650 2351 702 2386 18.

414 2409 444 2443 8.
473 2408 581 2454 Legis
607 2407 866 2454 Burgundicae
893 2408 1080 2443 Romanae
1111 2407 1315 2449 Cuiacium‚
1341 2406 1405 2452 qui
1431 2406 1574 2452 primus
1602 2417 1684 2442 eam
1710 2404 1840 2447 edidit,
1866 2405 2089 2451 expressisse
2115 2405 2319 2452 praecipue

477 2466 642 2502 codicem
666 2466 765 2501 hunc
792 2466 866 2501 iam
883 2465 1160 2501 Berolinenseni
1185 2466 1208 2500 f.
1226 2465 1339 2501 1—10
1358 2464 1427 2499 viri
1447 2464 1547 2500 docti
1567 2463 1822 2505 consentiunt;
1848 2463 1929 2509 ipse
1948 2464 2126 2506 declarat,
2153 2466 2197 2500 ut
2213 2475 2318 2510 saga-

475 2524 568 2561 citer
593 2524 807 2560 observavit
832 2524 1000 2559 Blumius
1025 2523 1119 2569 (Me.
1135 2524 1205 2559 LL.
1224 2524 1255 2566 3,
1271 2523 1361 2568 588),
1387 2522 1478 2558 folia
1505 2534 1549 2558 ea
1575 2522 1664 2557 olim
1689 2522 1727 2556 in
1756 2521 1942 2557 volumine
1967 2524 2172 2558 extremum
2196 2521 2319 2557 locum

477 2582 734 2627 occupavisse,
766 2594 852 2618 nam
884 2582 1023 2629 pagina
1055 2586 1220 2618 extrema
1246 2582 1385 2618 detrita
1410 2584 1467 2618 est
1491 2581 1681 2625 habetque
1706 2580 1884 2615 formulas
1913 2579 2001 2615 libri
2031 2579 2142 2622 finiti,
2173 2579 2320 2616 scilicet

477 2642 563 2686 post
588 2640 895 2676 lamentationem
920 2640 1065 2675 librarii
1092 2641 1135 2676 de
1161 2640 1282 2685 operis
1308 2640 1542 2681 difficultate,
1569 2650 1680 2683 quam
1704 2637 1887 2683 expressit
1904 2637 2071 2673 Blumius
2095 2637 2118 2672 l.
2138 2648 2180 2680 c.,
2206 2638 2321 2674 verba

476 2698 587 2733 haec:
613 2698 844 2744 Aymolzenus
866 2699 1143 2734 inlustrissimus
1166 2702 1240 2734 cci—m
1262 2699 1343 2742 fieri
1367 2698 1481 2733 iussit.

386 2769 585 2814 Exemplar
609 2768 704 2803 illud
722 2767 1003 2803 Sicharclianum
1031 2780 1073 2803 ex
1099 2780 1211 2813 supra
1237 2768 1349 2803 dictis
1375 2770 1533 2813 apparet
1561 2765 1774 2801 adhibitum
1801 2777 1879 2801 esse
1906 2776 1928 2800 a
1946 2764 2100 2800 Cuiacio
2124 2764 2172 2800 ad
2189 2763 2320 2800 editio-

386 2838 469 2860 nem
487 2838 518 2860 a.
536 2827 624 2861 1566
643 2826 966 2862 subministratum
992 2826 1027 2861 ei
1053 2838 1074 2861 a
1092 2826 1249 2862 Pithoeo
1267 2825 1362 2865 ffli0;
1389 2825 1705 2870 supplementum,
1734 2822 1881 2859 scilicet
1907 2822 1984 2857 cod.
2002 2821 2119 2858 Paris.
2132 2822 2234 2865 4420,
2257 2822 2320 2858 hic

387 2886 518 2929 postea
542 2883 735 2919 inventum
759 2884 903 2929 publici
922 2884 1012 2919 iuris
1029 2884 1130 2919 fecit.
1171 2883 1374 2919 Haenelius
1398 2886 1436 2919 et
1462 2883 1500 2917 id
1526 2881 1662 2917 habuit
1688 2884 1725 2916 et
1749 2892 1844 2925 quae
1869 2892 1913 2916 ex
1939 2879 2066 2916 codice
2090 2879 2173 2926 ipso
2197 2892 2321 2926 super-

388 2944 488 2983 sunt;
516 2941 706 2986 exemplar
731 2942 950 2977 adnotatum
975 2953 1047 2977 non
1073 2941 1179 2976 vidit.

330 3040 371 3071 16
510 3033 717 3069 Vaticanus
742 3033 892 3080 reginae
913 3034 999 3069 1128
1027 3034 1183 3077 (Haenel
1203 3035 1245 3070 16
1264 3049 1306 3063 =
1323 3034 1360 3075 6,
1386 3033 1495 3069 nobis
1520 3044 1665 3077 quoque
1690 3031 1727 3067 in
1753 3030 1954 3076 specimine
1982 3030 2049 3075 16),
2074 3030 2231 3066 fortasse
2256 3028 2323 3066 ali-

389 3092 536 3136 quando
555 3091 785 3126 Ranconneti
804 3091 901 3134 (vide
921 3104 1032 3137 supra
1050 3104 1085 3137 p.
1099 3091 1271 3126 LXXVII
1289 3094 1364 3127 not.
1381 3092 1425 3136 1),
1450 3091 1579 3126 deinde
1598 3089 1799 3125 Alexandri
1817 3088 1976 3130 Petavii,
2001 3091 2150 3134 praeter
2167 3086 2322 3133 Ulpiani

388 3149 547 3194 regulas⁷
574 3160 666 3193 quas
690 3148 796 3184 nobis
821 3148 986 3184 servavit
1002 3149 1110 3191 501115,
1137 3148 1286 3193 aliaque
1305 3148 1491 3192 (videatur
1510 3148 1652 3183 Haenel
1671 3148 1695 3182 1.
1710 3148 1765 3190 0.),
1791 3147 1908 3182 habet
1932 3145 2170 3181 breviarium.
2213 3145 2321 3181 Prae-

390 3205 564 3241 scribitur
589 3206 762 3242 rubricis:
789 3206 968 3250 'incipiunt
992 3206 1152 3250 capitula
1176 3207 1262 3251 leyis
1287 3206 1490 3242 Romanae:
1515 3205 1596 3239 libri
1624 3197 1746 3239 Theo—cl
1770 3215 1869 3239 num.
1890 3203 1998 3248 XVI,
2022 3202 2096 3249 ipsi
2119 3201 2322 3251 breviario:

391 3264 517 3307 incipit
547 3264 603 3298 lese
630 3264 799 3298 Romana
828 3263 1021 3298 Theodosii
1044 3263 1218 3308 Auyusti:
1249 3263 1329 3298 libri
1357 3273 1505 3298 numero
1533 3262 1642 3297 XVI.
1692 3263 1781 3298 Post
1806 3261 2103 3298 Theodosianum
2127 3259 2195 3295 sub
2218 3271 2323 3306 prae-

391 3321 530 3366 scripto
563 3332 605 3356 eoe
637 3332 783 3366 corpore
812 3320 1052 3356 leeodosiani
1085 3321 1214 3356 librum
1244 3321 1308 3356 sub
1338 3320 1441 3356 titulo
1469 3320 1552 3355 XX
1559 3319 1681 3355 VIHI
1705 3319 1912 3355 constitutio
1939 3321 2042 3354 sexta
2071 3315 2211 3363 legitur
2240 3328 2323 3353 con·
