2485 3615
1179 127 1427 162 —Lll—

678 227 935 263 Szmzmarimn:

341 296 383 328 ut
406 305 466 329 eos
490 297 656 340 repertos
681 300 870 342 tamquam
893 299 1091 344 sacrilegos
1116 298 1265 341 iudicet,

386 350 423 385 id
448 354 504 387 est
529 353 673 397 publici
700 355 862 390 criminis
887 368 967 392 reos

340 454 444 489 bonis
471 467 594 492 eorum
620 457 838 503 proscribtis

338 569 389 604 sic
417 573 555 611 tamen,
590 575 631 607 ut
656 572 803 608 illorum
828 576 1001 618 parentes
1026 577 1266 614 successionis

383 627 547 663 habeant
561 629 790 672 facultatem,
803 631 973 675 patribus
986 632 1164 670 frat-ribus
1177 635 1265 671 filiis

335 923 420 946 sane
446 912 476 946 si
502 926 585 948 cum
606 913 699 959 ipsis
719 919 755 953 et
774 917 845 962 ipsi
863 930 936 954 non
955 920 1264 958 commisceantur

334 968 409 1004 illis
441 982 507 1006 nec
541 972 678 1009 donare
710 986 777 1009 nec
809 975 937 1011 donari
967 989 1035 1013 nec
1067 980 1262 1017 succedere

379 1026 490 1063 licere
508 1040 627 1074 neque
645 1032 889 1068 contrahendi
912 1035 1047 1071 habere
1067 1036 1261 1073 licentiam

331 1258 669 1305 testamentumque
696 1260 847 1299 inritum
874 1263 923 1300 sit

329 1431 466 1476 gradus
491 1431 580 1468 iuris
605 1433 856 1472 dinumeratos
882 1438 985 1481 (corr.
1005 1451 1048 1474 ea:
1073 1441 1173 1487 deu)

328 1601 381 1637 sic
413 1606 538 1640 tamen
567 1605 661 1642 filios
700 1610 910 1652 succedere,
947 1611 977 1646 si
1009 1613 1257 1658 penitentiam

374 1661 517 1706 egerint

327 1775 467 1818 Servos,
486 1776 516 1811 si
533 1779 670 1814 conscii
683 1792 755 1816 non
769 1785 865 1824 sunt,
884 1786 988 1820 extra
1003 1787 1153 1832 culpa-m
1168 1801 1257 1833 esse,

373 1832 403 1868 si
429 1834 682 1879 poenituerint
706 1838 796 1885 [sic]

326 1949 393 1984 hos
423 1949 580 1986 dominis
611 1954 882 1997 praeferendos
932 1958 1036 1999 Quod
1068 1962 1099 1997 si
1130 1976 1256 2000 servus

373 2007 511 2044 sciente
530 2009 678 2047 domino
698 2014 736 2048 et
753 2025 826 2049 non
844 2015 1039 2061 proibente
1058 2021 1254 2064 contraxit,

372 2064 457 2100 fisco
483 2065 697 2103 sociandum

325 2239 487 2273 actorem
528 2252 613 2275 vero
651 2243 707 2278 vel
745 2249 1020 2289 procuratorem
1060 2249 1253 2295 plumbum

371 2293 476 2337 (corr.
495 2307 538 2331 cx
563 2298 732 2344 plumbo)
758 2302 890 2339 debere
920 2307 1144 2343 contundere

326 2408 495 2446 idoneum
521 2416 685 2450 actorem
710 2416 922 2462 deportatio
947 2422 1129 2468 suscipiat

326 2467 487 2503 Iudicem
526 2471 793 2517 despicientem
832 2477 890 2512 vel
923 2479 1154 2517 differentem
1186 2483 1253 2518 XX

370 2524 549 2562 librarum
575 2529 655 2565 auri
680 2531 886 2570 feriendum

323 2639 539 2678 Defensores
563 2643 729 2691 singulas
748 2649 826 2694 (sic)
845 2651 966 2687 officia
990 2654 1115 2689 decem
1134 2654 1253 2691 librae

369 2699 624 2747 constringant

1640 235 1770 271 Textus
1794 243 1844 280 16,
1862 243 1892 282 5,
1908 243 1970 273 40.-

1338 301 1506 337 volumus
1532 315 1608 339 csse
1634 305 1825 349 publicum
1852 307 1989 343 crimen

1337 434 1804 444 ·········

1336 476 1428 508 quos
1452 464 1631 500 bonorum
1656 466 1770 502 etiam
1796 468 2052 513 publicatione
2077 470 2264 516 prosequi-

1382 534 1463 556 mur

1335 591 1429 623 quae
1447 581 1573 616 tamen
1587 581 1716 617 cedere
1734 581 1903 619 iubemus
1921 585 2099 630 proximis
2113 585 2263 631 quibus-

1380 649 1451 681 que
1476 637 1654 682 personis,
1679 638 1735 674 ita
1756 642 1799 675 ut
1821 642 2098 677 ascendentium
2115 643 2176 678 vel
2202 643 2261 678 de-

1380 695 1636 731 scendentium
1654 696 1713 732 vel
1732 697 1961 734 venientium
1979 711 2023 735 ex
2039 699 2157 736 latere
2179 712 2261 746 cog-

1380 755 1552 788 natorum
1568 765 1684 799 usque
1702 755 1750 789 ad
1767 755 1968 790 secundum
1985 758 2142 803 gradum
2158 757 2262 794 velut

1378 809 1417 845 in
1442 810 1736 847 successionibus
1762 812 1849 848 ordo
1875 817 2042 850 servetur

1331 924 1362 960 si
1388 937 1460 961 non
1485 928 1524 962 et
1548 926 1621 972 ipsi
1646 926 1728 972 pari
1754 927 1982 964 conscientia
2006 929 2226 975 polluuntur

1331 983 1432 1028 ipsos
1468 996 1616 1028 quoque
1659 985 1827 1021 volumus
1868 985 2033 1022 amoveri
2073 987 2121 1022 ab
2162 987 2260 1022 omni

1377 1040 1607 1078 liberalitate
1625 1045 1663 1078 et
1681 1043 1910 1080 successione
1929 1071 1936 1078 .
1955 1070 1963 1078 .
1982 1070 1990 1079 .
2008 1056 2082 1079 non
2099 1043 2261 1079 donandi

1403 1126 1436 1133 ..
1461 1111 1535 1134 non
1559 1101 1746 1145 postremo
1772 1101 2017 1138 contrahendi
2042 1101 2175 1147 cuique
2198 1129 2205 1136 .
2224 1128 2232 1136 .
2251 1128 2260 1136 .

1377 1156 1620 1202 relinquimus
1644 1158 1867 1194 facultatem

1329 1283 1502 1317 suprema
1518 1271 1622 1307 illius
1638 1272 1823 1309 scribtura
1846 1273 1953 1309 irrita
1975 1273 2026 1309 sit
2047 1273 2124 1309 sive
2147 1275 2260 1310 testa-

1375 1331 1501 1364 mento

1329 1444 1399 1479 hoc
1429 1456 1575 1490 quoque
1609 1458 1696 1482 casu
1730 1446 1859 1482 eadem
1894 1445 1962 1480 illa
1994 1444 2094 1481 circa
2123 1444 2260 1490 gradus

1375 1502 1543 1548 superius
1569 1503 1846 1549 conprehendes
1868 1502 2085 1539 condicione
2110 1503 2259 1538 servata,

1327 1628 1395 1653 nec
1420 1617 1516 1654 filios
1540 1618 1693 1654 heredes
1719 1618 1895 1654 exsistere
1914 1645 1922 1652 .
1941 1644 1948 1652 .
1968 1644 1976 1652 .
1994 1616 2257 1663 permittimus,

1374 1675 1445 1710 nisi
1473 1688 1496 1711 a
1520 1678 1677 1721 paterna
1702 1676 1891 1722 pravitate
1918 1674 2168 1716 discesserint;
2200 1674 2258 1709 de-

1373 1732 1455 1768 licti
1480 1733 1579 1769 enim
1604 1733 1752 1768 veniam
1777 1732 2060 1779 paenitentibus
2084 1732 2214 1767 damus

1327 1790 1458 1827 Servos
1496 1791 1610 1827 etiam
1647 1793 1752 1827 extra
1790 1802 1924 1826 noxam
1961 1802 2039 1826 esse
2077 1789 2256 1832 volumus,

1373 1849 1405 1884 si
1435 1877 1442 1884 .
1467 1877 1474 1883 .
1499 1877 1506 1884 .
1531 1877 1538 1884 .
1572 1849 1620 1884 ad
1655 1848 1850 1884 ecclesiam
1889 1847 2115 1883 catholicam
2147 1875 2155 1883 .
2181 1874 2188 1882 .
2210 1875 2218 1883 .
2249 1875 2257 1884 .

1373 1906 1590 1943 transierint

1326 1964 1509 2001 Praeferri
1529 1964 1593 2008 (sic
1608 1963 1684 1999 Vat.
1703 1964 1878 2008 corrupte)
1904 1962 2115 1999 huiusmodi
2139 1961 2255 1998 homi-

1371 2035 1458 2057 num
1484 2024 1611 2058 coetus
1643 2021 1790 2057 domino
1823 2021 1963 2057 sciente
1989 2047 1997 2054 .
2014 2043 2024 2056 -.
2043 2047 2160 2056 .....
2186 2032 2254 2056 nec

1371 2079 1593 2125 prohibente
1629 2079 1830 2120 contraxit,
1866 2077 2092 2124 patrimonio
2128 2080 2254 2114 nostro

1371 2137 1534 2174 societur

1324 2256 1429 2290 actor
1452 2253 1510 2288 vel
1536 2255 1753 2299 procurator
1778 2251 2020 2299 possessionis
2045 2249 2254 2287 cohercitus

1370 2311 1523 2357 plumbo

1323 2427 1534 2470 conductor,
1559 2426 1591 2461 si
1617 2425 1769 2461 idoneus
1796 2428 1862 2468 est,
1889 2426 2149 2471 deportabitur

1320 2486 1443 2520 rector
1459 2483 1673 2530 provinciae
1699 2483 1730 2518 si
1754 2484 1848 2520 haec
1872 2483 2027 2520 crimina
2043 2511 2052 2518 .
2071 2512 2078 2519 .
2097 2512 2104 2519 .
2124 2484 2252 2522 distre-

1367 2541 1455 2577 lerit
1480 2544 1546 2577 aut
1571 2569 1578 2576 .
1604 2569 1610 2576 .
1635 2569 1641 2576 .
1661 2569 1668 2576 .
1694 2541 1915 2588 neglexerit,
1947 2541 2044 2578 sciat
2068 2555 2106 2578 se
2130 2542 2253 2578 multa

1368 2599 1435 2633 XX
1461 2599 1640 2635 librarum
1665 2598 1747 2635 auri
1771 2598 1977 2635 feriendum

1321 2655 1537 2693 Defensores
1563 2684 1570 2691 .
1595 2684 1602 2691 .
1629 2659 1667 2692 et
1691 2656 1919 2702 principales
1949 2656 2098 2693 urbium
2129 2656 2252 2704 singu-

1368 2713 1487 2748 larum
1518 2726 1584 2750 nec
1610 2727 1683 2750 non
1709 2717 1746 2750 et
1772 2714 1893 2750 officia
1917 2713 2167 2760 provincialia
2192 2715 2250 2752 de-

1369 2783 1448 2807 cem
1473 2771 1653 2807 librarum
1678 2771 1759 2808 auri
1784 2783 1905 2817 poena
1931 2771 2164 2819 constringat

437 2889 566 2924 Nihilo
591 2890 711 2927 minus
737 2893 931 2938 probabile
958 2898 1013 2931 est
1043 2896 1187 2932 scholia
1217 2898 1309 2934 haec
1340 2898 1482 2944 scripta
1512 2910 1589 2934 esse
1621 2901 1744 2935 stante
1770 2898 2008 2944 aliquatenus
2032 2911 2070 2935 re
2091 2899 2250 2945 publica

325 2945 499 2982 Romana.
539 2948 755 2994 Imperator,
782 2951 845 2995 qui
871 2951 928 2987 ita
950 2965 1032 2989 raro
1053 2955 1270 3000 appellatur
1287 2957 1354 2999 (10,
1372 2957 1422 2998 10,
1440 2958 1490 2992 12.
1512 2958 1580 3001 14),
1605 2957 1824 3002 plerumque
1843 2957 2010 3002 princeps
2026 2956 2149 2993 dictus
2170 2957 2249 2994 sine

323 3002 434 3039 dubio
451 3004 641 3050 Augustus
666 3011 738 3049 est;
764 3009 1028 3046 dominationis
1048 3024 1178 3057 regum
1196 3013 1460 3049 Germanorum
1484 3026 1668 3059 nusquam
1686 3014 1886 3060 vestigium
1910 3013 2069 3060 repperi,
2093 3026 2179 3050 nam
2204 3026 2249 3050 ex

322 3072 364 3094 eo
383 3061 481 3104 quod
505 3062 628 3098 (lomus
652 3069 777 3100 nost-ra
803 3067 1110 3103 constitutionum
1129 3069 1268 3114 passim
1286 3071 1501 3116 appellatur
1516 3071 1639 3106 domus
1662 3071 1758 3116 reaia
1778 3072 1823 3115 (9,
1837 3071 1892 3113 30,
1906 3072 1928 3107 2
1946 3090 1988 3096 —
2008 3072 2061 3114 12,
2078 3071 2108 3113 1,
2125 3071 2191 3106 114
2207 3091 2244 3096 —

324 3117 421 3158 12,6‚
438 3119 479 3152 14
505 3139 547 3145 —
576 3121 627 3163 13,
645 3122 674 3163 1,
691 3124 722 3156 5.
736 3122 767 3157 8.
782 3124 826 3158 24
851 3144 894 3149 —
922 3125 974 3166 16,
990 3125 1021 3166 5,
1036 3126 1089 3160 52.
1107 3127 1168 3167 54;
1195 3126 1369 3164 similiter
1387 3128 1439 3170 12,
1454 3129 1484 3171 6,
1502 3129 1544 3164 16
1569 3149 1612 3154 -
1641 3129 1692 3171 16,
1707 3129 1737 3170 5,
1751 3129 1810 3173 21)
1827 3140 2063 3174 nequaquam
2085 3128 2124 3163 id
2146 3130 2246 3164 recte

322 3173 512 3210 efficietur.
562 3177 691 3214 Multis
716 3179 808 3215 Iocis
834 3180 1000 3216 videmus
1025 3186 1214 3218 auctorem
1238 3184 1292 3219 rei
1317 3185 1492 3230 publicae
1517 3185 1705 3221 Romanae
1730 3185 1869 3222 aetatis
1893 3185 2056 3222 labentis
2079 3184 2247 3221 terminis

323 3231 378 3265 uti
409 3232 461 3267 ibi
493 3246 653 3279 quoque,
687 3236 751 3272 ubi
785 3237 944 3274 discedit
977 3251 999 3274 a
1032 3240 1339 3278 constitutionum
1371 3242 1503 3278 verbis.
1553 3243 1611 3278 lta
1642 3243 1879 3279 nominantur
1903 3243 2040 3285 9‚14‚3
2068 3242 2244 3286 inlustres,

322 3289 536 3334 spectabiles,
562 3293 759 3339 clarissimi,
786 3297 817 3337 9,
831 3296 863 3338 2,
879 3296 900 3330 2
917 3298 1118 3341 spectabiles
1135 3301 1173 3334 et
1195 3300 1400 3342 clarissima·
1424 3301 1456 3342 9,
1473 3302 1501 3341 1,
1517 3299 1547 3342 3,
1575 3303 1612 3335 et
1631 3300 1723 3335 alibi
1741 3301 1946 3343 scholastici,
1972 3299 2063 3336 item
2082 3300 2134 3342 11,
2147 3299 2201 3343 31,
2213 3301 2245 3342 9,

322 3347 385 3382 ubi
417 3349 568 3385 additur
600 3351 639 3385 id
669 3356 719 3387 est
747 3357 930 3398 patronus
962 3365 1111 3400 causae;
1145 3357 1393 3401 reimiiutiani
1419 3357 1570 3400 10,1‚2‚
1600 3359 1804 3403 prii-atiani
1835 3358 1983 3401 10,1‚8;
2018 3357 2247 3403 maqistriani

2478 3227 2485 3349 -4-..-
2481 3201 2485 3214 .-
