2485 3615
1247 134 1529 174 ——CXX—-

420 246 682 292 compilatores
713 245 913 282 laudantur
938 246 1091 290 propter
1116 242 1293 288 ambigua
1319 240 1627 276 constitutionum
1659 242 1829 285 remota),
1862 240 1932 276 hac
1966 243 2155 287 potestate
2187 240 2225 276 in
2255 241 2347 287 ipsis

418 306 528 340 rebus
559 316 641 339 raro
671 306 707 339 et
740 303 874 338 leniter
904 302 960 336 usi
995 302 1168 336 videntur
1199 310 1287 334 esse.
1345 297 1451 333 Certe
1486 302 1745 343 argumentum
1779 300 1947 334 consulto
1981 311 2002 334 a
2039 299 2348 343 compilatoribus

419 366 605 397 mutatum
631 373 707 397 esse
733 361 881 406 repperi
914 371 985 394 uno
1011 359 1088 393 solo
1113 358 1211 398 loco;
1243 356 1389 392 scilicet
1419 360 1534 401 caput
1567 356 1663 402 legis
1688 357 1841 392 Honorii
1867 358 1911 392 de
1938 357 2101 402 captivis
2125 356 2348 392 redimendis

420 419 538 462 (Sirm.
559 420 614 463 16)
640 419 694 454 ita
720 418 958 453 immutatum
984 418 1040 450 est
1065 427 1087 450 a
1113 414 1258 459 collega
1284 412 1698 458 Constantinopolitano
1723 413 1776 457 (C.
1795 414 1864 449 Th.
1883 416 1915 455 5,
1930 416 1960 455 7,
1974 415 2026 459 2);

767 503 952 537 Honorius
961 515 971 536 .-

466 573 698 608 Christianae
715 571 931 616 [religionis]
950 570 1160 605 sacerdotes
1178 569 1312 604 vicino-

419 643 499 665 rum
525 633 560 664 et
586 629 833 674 proximorum
852 629 1013 663 locorum
1035 626 1212 661 ecclesias
1230 626 1314 661 reti-

420 692 549 722 nentes
694 686 851 721 curiales
884 696 1029 730 quoque
1062 683 1313 729 proximarum

420 745 615 780 civitatum
642 742 785 788 placuit
813 742 1018 783 admoneri,
1052 744 1095 776 nt
1128 753 1314 787 emergen-

420 803 519 838 tibus
554 802 687 837 talium
720 800 987 837 necessitatum
1022 798 1143 833 causis
1175 799 1313 834 adeant

1750 500 1966 535 Theodosius
1991 502 2049 536 II:

1501 568 1730 603 Christianos
1766 569 2014 614 proximorum
2051 571 2214 605 locorum
2250 569 2350 604 volu-

1454 639 1533 661 mus
1552 625 1661 661 huius
1679 626 1731 661 rei
1755 626 2046 663 sollicitudinem
2062 639 2206 674 gerere;
2234 627 2349 662 curia-

1455 683 1508 719 les
1531 695 1677 728 quoque
1703 684 1954 729 proximarum
1981 685 2178 720 civitatum
2205 684 2350 733 placuit

1456 741 1660 783 admoneri,
1694 744 1735 775 ut.
1761 742 2035 787 emergentibus
2060 743 2202 778 talibus
2228 742 2350 777 causis

1455 798 1575 834 sciant
1601 798 1695 844 legis
1721 801 1870 834 nostrae
1895 799 2077 834 auxilium
2100 801 2351 836 deferendum.

420 859 559 894 iudices
585 859 679 905 legis
705 862 851 894 nostrae
877 856 1058 893 auxilium
1084 856 1252 901 petituri.

420 941 626 985 Imperator
656 939 851 974 Ravennas
883 950 967 973 cum
998 938 1081 982 lege
1112 937 1215 971 laesa
1244 940 1322 972 tam
1356 938 1592 982 presbyteros
1622 949 1733 981 qnam
1765 937 1924 973 curiales
1954 949 2030 973 rem
2062 938 2110 973 ad
2143 937 2351 983 praesidem

419 997 549 1032 iubeat
574 997 729 1038 deferre,
763 993 1202 1039 Constantinopolitanus
1228 997 1403 1039 utrosque
1430 994 1602 1030 similiter
1626 995 1799 1029 hortatur
1825 995 1896 1037 ita,
1929 997 1971 1030 ut
2003 994 2185 1041 praesidis
2211 995 2351 1030 mentio

419 1053 674 1098 supprimatur
706 1056 743 1089 et
774 1054 1003 1099 privatorum
1035 1051 1156 1097 magis
1189 1051 1312 1096 pietas
1345 1051 1384 1086 in
1417 1052 1599 1087 auxilium
1630 1055 1792 1087 vocetur.
1841 1053 1899 1087 Ad
1925 1053 2039 1088 verba
2071 1052 2169 1097 quod
2202 1052 2352 1094 attinet,

419 1111 658 1147 inveniuntur
683 1111 884 1156 aliquoties
917 1111 985 1154 (16,
998 1111 1029 1151 2,
1044 1109 1099 1150 28,
1114 1110 1150 1152 7)
1182 1109 1439 1145 adlocutiones
1469 1110 1582 1145 tertio
1613 1122 1701 1145 casu
1735 1110 1936 1156 singularis
1962 1110 2016 1146 ita
2041 1110 2277 1152 enuntiatae,
2310 1112 2353 1145 ut

421 1169 648 1205 desideretur
670 1168 846 1214 dignitas,
874 1169 922 1203 ad
939 1179 1050 1212 quam
1077 1166 1244 1209 refertur,
1270 1165 1361 1201 item
1386 1166 1448 1201 hic
1474 1166 1552 1202 11110
1577 1168 1689 1203 verba
1715 1168 1900 1214 leguntur,
1927 1179 2023 1212 quae
2042 1179 2115 1212 quo
2140 1167 2354 1213 pertineant

419 1227 456 1261 iu
483 1227 626 1262 relictis
650 1239 722 1262 non
748 1229 907 1272 apparet
924 1228 992 1269 (15,
1011 1226 1039 1266 1,
1054 1224 1107 1266 53,
1123 1225 1158 1258 6:
1184 1235 1300 1268 supra
1324 1224 1526 1269 dictorum).
1569 1225 1669 1261 Haec
1693 1229 1735 1261 ut
1757 1225 1870 1260 facile
1891 1225 2167 1261 excusabuntur
2183 1225 2221 1260 in
2239 1236 2353 1271 opera

420 1284 518 1320 inter
549 1284 778 1320 ordinatores
811 1286 848 1318 et
881 1283 1053 1318 librarios
1084 1281 1220 1323 divisa,
1254 1293 1479 1327 magnopere
1510 1282 1701 1318 offendunt.
1733 1283 1805 1318 loci
1836 1284 1993 1318 licenter
2017 1286 2055 1319 et
2083 1283 2258 1328 imperite
2288 1283 2354 1317 irn-

420 1342 557 1378 mntati
589 1345 626 1376 et
657 1341 819 1376 luxando
853 1343 891 1376 et
921 1339 1196 1385 transponendo
1229 1339 1413 1385 corrupti:
1450 1340 1488 1374 id
1518 1341 1617 1384 quod
1649 1352 1732 1376 cum
1767 1340 1859 1376 alibi
1893 1340 2033 1386 passim
2064 1343 2240 1385 apparet,
2273 1343 2354 1375 tum

421 1399 639 1443 praesertim
665 1399 766 1444 leges
791 1399 887 1433 infra
913 1398 1058 1443 positae
1084 1396 1298 1443 geminatae
1326 1397 1559 1439 confirmant,
1591 1410 1746 1443 quarum
1778 1398 1889 1434 binae
1922 1397 2064 1444 primae
2091 1398 2184 1433 adeo
2214 1397 2354 1433 inveni-

419 1460 532 1491 untur
556 1456 661 1492 iuxta
685 1456 841 1502 positae.

781 1536 830 1575 16,
848 1536 878 1575 5,
895 1535 955 1566 32.-

466 1600 567 1635 Idem
593 1601 668 1634 AA.
687 1600 859 1636 Caesario
886 1602 972 1647 ispo.

466 1658 522 1691 Ne
549 1657 861 1693 Eunomianorum
887 1662 996 1695 tanta
1021 1657 1209 1693 dementia
1239 1669 1317 1702 per-

420 1718 579 1755 severet.
614 1715 785 1750 sublimis
810 1715 1090 1763 magnificentia
1121 1718 1187 1750 tua
1219 1714 1318 1749 omni

421 1772 544 1807 studio
586 1776 757 1809 auctores
796 1774 1036 1818 doctoresque
1072 1771 1317 1807 Eunomiano-

420 1841 500 1864 rum
526 1830 752 1876 investigare
778 1831 942 1873 festinet,
970 1830 1170 1875 clericique
1193 1842 1319 1866 eorum

420 1887 589 1929 maxime,
615 1899 771 1932 quorum
793 1888 894 1923 furor
912 1892 1063 1924 tantum
1086 1888 1205 1924 suasit
1225 1899 1317 1923 erro-

420 1956 510 1986 rem,
545 1945 588 1980 de
624 1944 844 1981 civitatibus
870 1946 1061 1991 pellantur
1086 1949 1249 1982 extorres
1281 1948 1319 1981 et

422 2002 594 2037 humanis
621 2002 788 2038 coetibus
814 2007 1064 2049 segregentur.

465 2060 549 2095 Dat.
560 2060 591 2094 X
606 2060 640 2094 k.
650 2059 736 2094 Mai.
747 2060 1237 2107 ConstantinopoliArcadio
1247 2061 1318 2095 1111

422 2121 459 2153 et
484 2117 646 2153 Honorio
674 2117 727 2151 III
753 2118 829 2152 AA.
857 2129 972 2153 001133.

787 2216 836 2255 16,
851 2218 880 2256 5,
899 2217 941 2246 56
949 2223 959 2246 .”

470 2279 571 2313 Idem
597 2279 674 2314 AA.
699 2279 924 2316 Hei-aeliano
950 2280 1218 2316 00111.Αῆ1000.

468 2336 597 2372 Sciant
621 2337 757 2380 cuncti,
784 2338 848 2382 qui
874 2339 921 2373 ad
946 2338 1040 2378 ritus
1065 2350 1149 2374 31103
1174 2336 1319 2373 haeresi

421 2395 490 2437 (rel
514 2394 593 2435 —sis)
619 2395 896 2439 superstitionis
922 2396 1175 2441 obrepserant,
1202 2408 1319 2431 sacro-

422 2455 574 2487 sanctae
599 2451 695 2497 legis
720 2451 864 2488 inimici
889 2453 1106 2498 plectendos
1136 2465 1174 2489 se
1200 2465 1318 2499 poena

422 2513 460 2544 et
481 2509 761 2554 prescribtionis
779 2512 817 2545 et
837 2510 1040 2557 sanguinis,
1066 2511 1097 2546 si
1120 2511 1219 2546 ultra
1238 2523 1320 2546 con-

423 2567 547 2602 venire
575 2579 641 2612 per
659 2567 853 2613 publicum
876 2568 1070 2604 exercendi
1092 2568 1242 2603 sceleris
1264 2568 1320 2603 3111

423 2624 636 2660 temeritate
666 2627 952 2671 temptaverint,
984 2638 1028 2661 ne
1056 2637 1130 2670 qua
1156 2638 1243 2660 vera
1269 2625 1320 2660 di-

424 2682 582 2727 vinaque
613 2683 823 2719 reverentia
854 2683 1075 2729 contagione
1107 2686 1318 2718 temeretur.

491 2740 576 2775 Dat.
596 2740 681 2776 VIII
706 2742 742 2777 k.
761 2741 862 2786 Sept.
882 2741 1044 2776 Honorio
1069 2741 1102 2775 X
1134 2743 1172 2776 et
1203 2741 1319 2775 Theo-

424 2797 525 2833 dosio
544 2799 595 2832 VI
621 2799 696 2834 AA.
724 2811 837 2834 conss.

815 2883 840 2922 7,
855 2883 885 2922 6,
902 2885 936 2913 1.-

470 2945 588 2990 Impp.
599 2945 885 2982 Valentinianus
902 2951 939 2983 et
952 2947 1089 2984 Valens
1105 2948 1152 2983 ad
1167 2948 1319 2983 Mamer-

425 3002 545 3037 tinum
571 3007 657 3048 ᾗ).

470 3059 554 3094 Sive
581 3071 623 3095 ex
650 3060 916 3106 principalium
947 3061 1026 3097 sive
1056 3074 1099 3097 ex
1124 3063 1320 3098 honorato-

425 3129 504 3151 rum
529 3130 679 3153 numero
704 3121 896 3164 susceptor
914 3119 1072 3154 vestium
1098 3120 1320 3160 nominatur,

426 3174 593 3219 exceptis
619 3175 798 3212 videlicet
822 3176 890 3217 his,
916 3175 981 3220 qui
1009 3176 1201 3221 palatinae
1228 3177 1322 3211 mili-

426 3230 502 3264 tiae
535 3231 745 3277 privilegiis
778 3233 985 3276 fulciuntur
1011 3234 1069 3268 vel
1096 3233 1160 3278 qui
1190 3233 1322 3268 officiis

426 3300 468 3321 ac
494 3288 710 3324 ministeriis
736 3290 925 3335 perfuncti
958 3290 1090 3325 merito
1122 3289 1321 3335 stipendio—

426 3357 505 3379 rum
525 3346 712 3381 consecuti
739 3351 825 3382 sunt
843 3346 1058 3392 dignitates
1086 3350 1124 3381 et
1150 3347 1206 3381 vir
1229 3358 1322 3391 spec·

1827 1536 1879 1575 16,
1893 1537 1923 1575 5,
1937 1535 1993 1566 31:

1505 1599 1605 1634 Idem
1631 1599 1706 1634 AA.
1727 1599 1900 1635 Caesario
1925 1603 2011 1646 ᾗῇ).

1504 1657 1684 1693 Auctores
1707 1657 1947 1702 doctoresque
1965 1656 2278 1692 Eunomianorum
2303 1655 2354 1691 fa-

1459 1714 1594 1749 cinoris
1611 1714 1831 1761 investigati
1849 1714 2050 1759 clericique
2074 1713 2245 1755 maxime,
2267 1725 2355 1757 quo-

1458 1784 1538 1806 rum
1555 1772 1656 1807 furor
1673 1774 1822 1807 tantum
1840 1772 1958 1807 suasit
1981 1783 2150 1813 errorem,
2177 1783 2196 1806 e
2223 1770 2354 1806 civita-

1458 1830 1561 1865 tibus
1587 1829 1779 1875 pellantur
1803 1832 1977 1865 extorres.

1503 2061 1587 2096 Dat.
1615 2060 1666 2094 XI
1700 2060 1735 2095 k.
1762 2059 1849 2096 Mai.
1877 2057 2202 2105 Constantinopoli
2243 2060 2354 2095 Area-

1459 2117 1519 2153 dio
1546 2118 1618 2152 IIII
1645 2120 1682 2153 et
1707 2117 1870 2152 Honorio
1896 2117 1949 2151 ΙΙΙ
1975 2118 2051 2153 AA.
2077 2129 2193 2153 conss.

1828 2214 1878 2252 16,
1890 2215 1920 2253 5,
1933 2215 1973 2245 51
1981 2221 1991 2244 .·

1506 2279 1608 2315 Idem
1630 2278 1706 2313 AA.
1732 2278 1956 2314 Heracliano
1984 2289 2074 2314 com.
2094 2278 2252 2315 Africae.

1506 2336 1665 2371 Oraculo
1697 2335 1848 2381 penitus
1881 2339 2038 2378 remoto,
2074 2348 2146 2381 quo
2180 2337 2229 2372 ad
2262 2336 2357 2373 ritus

1459 2405 1544 2429 suos
1567 2393 1781 2429 haereticae
1805 2393 2083 2438 superstitionis
2101 2393 2355 2440 obrepserant,

1459 2451 1580 2486 sciant
1612 2462 1737 2486 onmes
1770 2453 1922 2486 sanctae
1953 2450 2050 2497 legis
2079 2450 2224 2486 inimici
2259 2451 2357 2497 plec-

1458 2509 1590 2544 tendos
1620 2520 1658 2544 se
1683 2520 1803 2553 poena
1833 2510 1871 2544 et
1902 2508 2184 2554 prescribtionis
2210 2511 2249 2544 et
2273 2520 2354 2544 san-

1459 2566 1599 2612 guinis,
1636 2566 1667 2600 si
1702 2566 1803 2602 ultra
1837 2565 2033 2602 convenire
2065 2577 2132 2611 per
2162 2565 2356 2612 publicum

1461 2624 1665 2659 execranda
1691 2622 1840 2659 sceleris
1865 2622 1923 2659 sui
1954 2623 2170 2659 temeritate
2194 2626 2356 2670 tempta-

1462 2694 1481 2715 v
1507 2681 1592 2716 rint.

1486 2693 1590 2774 eDat.
1609 2739 1697 2773 VIII
1723 2738 1759 2772 k.
1777 2737 1879 2784 Sept.
1897 2738 2044 2775 Varane
2069 2751 2103 2775 v.
2121 2750 2150 2774 0.
2169 2750 2265 2774 00113.

1834 2881 1884 2921 12,
1897 2882 1927 2921 6,
1943 2882 1963 2912 4
1973 2889 1984 2911 .-

1508 2945 1925 2992 Impp.Valentinianus
1939 2947 1977 2981 et
1989 2945 2127 2981 Valens
2142 2944 2189 2980 ad
2202 2944 2357 2981 Mamer-

1461 3004 1582 3039 tinum
1607 3007 1693 3050 ff.

1507 3061 1565 3096 Ad
1583 3061 1701 3095 virum
1727 3059 1962 3094 clarissimum
1987 3059 2244 3105 proconsulem
2261 3059 2356 3094 Afri-

1463 3131 1528 3155 cae
1545 3118 1625 3153 dari
1643 3117 1791 3153 litteras
1808 3116 1988 3158 iubemus,
2015 3119 2068 3159 ut,
2095 3115 2173 3151 sive
2196 3126 2240 3151 ex
2257 3114 2355 3160 priu-

1463 3176 1648 3220 cipalibus
1673 3175 1750 3210 sive
1775 3186 1819 3210 ex
1837 3175 2100 3210 honoratorum
2117 3182 2267 3208 numero
2289 3183 2356 3217 pro

1462 3232 1594 3267 merito
1627 3231 1711 3267 fidei
1745 3243 1834 3267 suae
1859 3230 2138 3274 industriaeque
2163 3231 2357 3274 susceptor

1464 3289 1624 3325 vestium
1649 3288 1790 3324 electus
1815 3288 1939 3330 fuerit,
1965 3285 2175 3322 huiusmodi
2201 3285 2356 3322 necessi-

1462 3346 1553 3382 tatis
1581 3346 1763 3381 sarcinam
1794 3357 1868 3380 uno
1900 3345 2096 3380 dumtaxat
2128 3354 2224 3378 anno
2249 3341 2355 3378 susti-
