2501 3615
969 177 1011 182 —
1061 154 1267 191 CCCXLlX
1317 176 1360 181 —

201 262 361 308 exempli
385 261 509 308 gratia
535 273 564 296 c.
583 261 625 295 ‘27
654 261 711 296 tit.
733 261 799 295 XII
828 261 871 295 dc
898 259 1171 306 appellatione,
1204 261 1245 294 ut
1273 259 1310 294 P.
1331 258 1506 294 Fournier
1530 258 1623 293 mihi
1649 259 1814 304 scripsit,
1842 261 1911 294 hac
1938 260 2054 295 forma
2081 260 2127 295 ab

202 321 311 356 Ivone
338 320 462 355 aliena
487 320 582 354 sunt.
625 319 700 363 [Ἕκ
720 318 816 354 libro
834 319 891 352 VO
910 318 1018 353 Pauli
1036 316 1316 353 sententiarum.
1354 317 1632 362 Appellandum
1652 329 1739 356 6550,
1759 317 1906 360 quando
1925 329 2128 353 sacramen-

201 381 279 414 tum
297 378 458 417 offertur,
485 390 556 413 non
577 380 776 422 postquam
795 377 948 411 iuratur.
990 376 1026 411 Si
1046 375 1194 419 quando
1213 386 1234 409 a
1252 374 1374 410 iudice
1393 394 1433 399 -——
1453 374 1609 409 iuratur*
1626 390 1667 402 ε
1687 375 1745 408 Br.
1762 374 1866 409 Paul.
1882 375 1924 415 V,
1940 376 1992 416 34,
2014 377 2024 409 1
2048 375 2127 420 inc]

203 436 327 470 Habet
352 435 422 471 hoc
440 436 689 481 fragmentum
711 434 884 471 collectio
903 434 1112 480 'I‘ripartita
1131 434 1194 473 III,
1217 433 1289 468 1⁸4.
1332 432 1369 467 C.
1386 433 1429 466 29
1447 432 1608 467 eiusdem
1636 433 1751 474 tituli,
1776 445 1932 477 quocum
1954 433 2010 467 ΗΥ.
2028 433 2130 467 Paul.

201 493 244 535 V,
265 495 319 535 37,
338 495 359 529 3
391 494 651 529 conferendum
678 495 750 534 est,
783 505 826 528 ex
859 492 1080 528 collectione
1108 492 1138 525 X
1167 491 1329 536 partium
1367 493 1556 536 sumptum
1589 502 1666 526 esse
1700 490 1857 525 videtur.
1908 490 2005 525 (131
2035 502 2130 531 vcro,

202 551 297 586 unde
323 554 452 587 auctor
477 551 694 596 sumpserit,
731 551 911 587 incertum
944 553 1010 586 est.
1061 550 1202 585 Textus
1228 561 1310 584 cuin
1337 549 1394 583 Br.
1418 549 1518 583 Paul.
1537 548 1580 589 V,
1600 549 1654 590 37,
1673 549 1694 583 3
1720 548 1960 583 conferendus
1987 550 2043 583 est
2066 548 2131 582 ‘le

201 609 260 643 V⁰
285 608 391 644 libro.
439 609 685 654 Appellantcs
711 608 867 643 infames
893 619 988 647 esse,
1015 606 1079 651 qui
1105 605 1262 641 fecerint
1288 605 1497 641 convicium
1524 605 1648 640 indici.
1700 605 1915 640 Couvicium
1942 604 2057 639 iudici
2084 606 2131 640 ab

201 666 500 711 appellatoribus
526 666 602 701 fieri
627 678 698 700 non
726 668 889 711 oportet,
925 664 1094 709 alioquin
1125 663 1278 698 infamia
1303 665 1492 698 notantur.
1543 664 1619 698 Ista
1644 661 1954 708 interpretatione
1980 675 2051 697 000
2082 662 2133 696 10-

201 722 332 769 diget'.
375 723 556 759 Collectio
582 723 742 759 secunda
770 722 873 758 brevi
899 725 984 767 post
1009 721 1166 767 primam
1195 719 1333 756 ibidem
1360 732 1404 755 ex
1430 719 1595 755 textibus
1620 719 1722 755 illius
1747 732 1821 755 una
1848 732 1930 754 cum
1949 719 2133 765 excerptis

201 793 245 817 ex
265 781 475 827 Tripartita
501 784 538 817 et
557 780 836 826 Decempartita
859 779 1003 815 haustis
1029 779 1236 822 confecta¹)
1262 778 1333 813 hac
1361 778 1420 812 via
1445 778 1641 813 nonnullos
1659 777 1840 813 Breviarii
1867 778 1967 812 locos
1992 777 2134 822 recepit

203 839 302 885 [0011.
329 839 490 875 secunda
515 839 577 880 XI,
596 840 627 879 2,
646 840 677 873 2.
696 839 750 873 32.
770 839 813 872 35
839 853 881 866 =
908 837 990 872 coll.
1018 836 1139 882 prima
1165 835 1261 877 XIV,
1281 837 1334 870 34.
1359 835 1460 880 35].2)

319 909 360 942 111
385 908 535 943 Summa
560 907 784 951 Parisina³),
817 918 928 951 quam
963 907 1093 941 auctor
1123 905 1286 941 incertus
1320 904 1472 950 quidam
1504 904 1664 949 septimo
1698 905 1754 940 vel
1788 907 1921 940 octavo
1957 905 2134 941 decennio

204 966 345 1002 saeculi
371 965 598 1007 duodecimi,
631 967 829 1011 postquam
855 963 1140 999 Bononiensium
1167 966 1284 999 artem
1316 962 1398 998 iura
1423 962 1578 997 docendi
1604 965 1839 1008 cognoverat,
1866 963 1913 997 ad
1939 963 2136 999 Decretum

204 1023 378 1060 Gratiani
403 1023 556 1058 Parisiis
581 1022 748 1068 scripsit,
782 1024 867 1068 post
900 1021 996 1056 illud
1022 1021 1131 1056 Pauli
1163 1020 1433 1057 sententiarum
1458 1020 1707 1066 fragmentum
1735 1020 1792 1065 [V‚
1811 1022 1865 1064 345,
1886 1022 1913 1054 1.
1932 1022 1953 1054 2
1980 1023 2017 1056 ct
2042 1020 2134 1066 int.],

203 1082 302 1126 quod
320 1081 521 1117 Gratianus
549 1081 600 1126 [Ο.
620 1081 664 1122 ΙΙ,
693 1093 726 1125 q.
747 1082 778 1122 6,
805 1092 832 1115 c.
854 1080 910 1124 24]
938 1078 1157 1125 imperatori
1176 1078 1384 1114 Theodosio
1410 1077 1618 1124 assignavit
1643 1081 1681 1113 et
1706 1077 1781 1112 iam
1800 1077 1923 1113 lvonis
1949 1078 2136 1114 collectio-

203 1152 266 1174 nes
293 1139 411 1184 [Decr.
430 1139 473 1178 V,
493 1141 578 1180 282,
606 1139 683 1174 Pan
711 1138 772 1180 IV,
797 1139 874 1179 128,
902 1139 966 1173 cfr.
991 1138 1080 1173 Coll.
1099 1138 1152 1171 III
1179 1139 1276 1182 part.
1295 1137 1358 1178 ΙΙΙ,
1377 1137 1397 1170 9
1417 1138 1500 1181 (10),
1518 1137 1550 1180 7]
1578 1135 1836 1177 continebant,
1862 1136 1985 1182 legere
2012 1138 2134 1181 potes:

201 1197 316 1232 ‘Haec
343 1200 497 1242 possunt
523 1208 600 1233 esse
627 1197 740 1232 verba
765 1196 806 1231 G.
835 1195 993 1231 dicentis
1019 1194 1188 1241 superius
1219 1194 1257 1230 id
1283 1197 1339 1230 est
1370 1193 1557 1240 superiore
1590 1196 1697 1239 parte
1724 1194 2004 1229 Theodosi-anae
2031 1194 2135 1239 legis,

206 1255 263 1290 vel
300 1257 387 1290 sunt
418 1254 532 1290 verba
565 1253 683 1299 ipsius
716 1253 951 1299 imperatoris
981 1252 1190 1288 Theodosii.
1240 1253 1310 1288 Sed
1343 1264 1426 1287 curn
1459 1251 1737 1288 Theodosianus
1769 1252 1882 1287 codex
1912 1264 1982 1287 non
2017 1251 2066 1286 sit
2100 1251 2137 1285 in

204 1312 446 1353 Lombardia,
481 1314 538 1348 est
572 1312 669 1347 enim
695 1311 906 1348 Aurelianis
937 1313 976 1347 et
1007 1311 1109 1356 apud
1140 1313 1310 1346 sanctum
1343 1309 1562 1355 Dionysium
1598 1309 1834 1353 videturque,
1870 1309 1968 1353 quod
2003 1309 2044 1344 G.
2070 1309 2137 1344 has

204 1370 307 1416 leges
333 1370 550 1416 sumpsisset
577 1371 622 1406 de
649 1369 851 1405 canonibus
877 1369 1017 1411 lvonis,
1042 1380 1134 1413 quos
1158 1368 1307 1413 quidem
1334 1368 1493 1411 inducit,
1520 1379 1592 1403 non
1617 1367 1799 1412 quomodo
1824 1369 1980 1402 teneant
2004 1367 2067 1403 sed
2093 1379 2137 1402 06

206 1427 446 1473 1800160101.Ί
487 1427 572 1463 Α110
590 1428 671 1463 1000
697 1427 745 1462 ad
770 1426 912 1462 dictum
931 1426 1102 1463 Gratiani
1126 1426 1245 1467 ‘Quod
1271 1426 1408 1461 autem'
1431 1426 1467 1460 in
1487 1425 1675 1470 prooemio
1702 1425 1738 1460 C.
1756 1425 1818 1467 VI,
1845 1437 1879 1469 q.
1898 1425 1919 1460 2
1945 1424 2052 1460 dicit:
2077 1425 2138 1459 ‘In

205 1485 352 1532 legibus
370 1485 619 1521 Theodosi-ani
643 1485 852 1527 habuimus,
874 1485 973 1529 quod
992 1484 1214 1520 credendum
1241 1484 1291 1520 sit
1317 1483 1511 1528 episcopo:
1537 1484 1601 1519 sed
1626 1482 1722 1518 illud
1746 1482 1973 1528 intelligitur
1990 1483 2137 1526 quando

207 1544 250 1579 de
276 1543 453 1578 civilibus
479 1543 624 1578 causis?
664 1545 863 1579 Auctorem
888 1544 1000 1578 110105
1027 1543 1210 1584 Summae,
1237 1554 1321 1577 00111
1340 1542 1492 1576 Parisiis
1517 1541 1680 1583 vixisset,
1707 1542 1752 1575 de
1778 1539 1967 1576 Breviario
1993 1539 2138 1584 aliquid

206 1601 353 1636 audisse
391 1600 629 1646 codicemque
662 1602 848 1646 quendam
887 1600 997 1636 huius
1033 1601 1129 1646 legis
1164 1600 1300 1636 vidisse
1334 1600 1542 1645 putandum
1577 1601 1648 1641 est,
1686 1599 1749 1634 sed
1786 1597 1968 1634 intentius
2005 1597 2043 1632 in
2080 1596 2139 1632 his

207 1659 489 1704 quaestionibus
514 1671 586 1694 non
612 1659 841 1701 versabatur,
867 1659 995 1704 itaque
1020 1662 1063 1695 ut
1082 1660 1145 1694 Ivo
1165 1660 1281 1703 [Decr.
1301 1660 1344 1701 V,
1362 1660 1442 1699 281,
1467 1658 1565 1701 XVI,
1582 1658 1657 1692 194.
1676 1658 1760 1698 2053
1789 1657 1877 1691 Pan.
1896 1656 1940 1697 V,
1960 1657 2038 1699 121]
2057 1654 2139 1690 alii-

207 1729 278 1762 que
303 1717 471 1753 homines
497 1717 597 1753 docti
623 1717 787 1763 priorum
812 1718 1044 1753 saeculorum
1072 1717 1301 1753 Breviarium
1332 1717 1427 1752 nihil
1459 1716 1562 1752 aliud
1588 1727 1700 1760 quam
1725 1714 1890 1750 codicem
1916 1712 2139 1749 Theodosia-

209 1787 296 1810 num
328 1774 440 1810 fuisse
473 1775 648 1817 credidit,
684 1775 788 1810 cuius
819 1775 995 1810 notitiam
1027 1775 1159 1811 Isidori
1188 1775 1449 1821 Etymologiae
1480 1775 1536 1820 [V‚
1557 1776 1585 1816 1,
1605 1774 1637 1819 7]
1671 1772 1869 1808 memoriae
1894 1771 2139 1807 tradiderunt.

211 1832 457 1873 Quamobrem
490 1833 655 1868 codicem
686 1833 999 1875 Theodosianum,
1032 1846 1142 1878 quem
1171 1845 1244 1869 non
1274 1833 1312 1868 in
1343 1832 1566 1868 Lombardia
1598 1832 1663 1867 sed
1687 1830 1936 1874 Aurelianis⁴)
1968 1832 2006 1865 et
2040 1829 2140 1874 apud

208 1893 379 1926 sanctum
405 1890 620 1936 Dionysium
647 1890 760 1927 fuisse
784 1894 975 1933 memorat,
1002 1891 1236 1927 Breviarium
1263 1890 1375 1926 fuisse
1402 1890 1578 1935 suspicor.

323 1959 518 2006 Plagiator
549 1959 700 2004 quidam
729 1959 900 1995 Summae
926 1960 1049 1995 Rufini
1086 1959 1124 1995 in
1158 1959 1285 1995 codice
1316 1958 1556 2006 Gottingensi
1589 1970 1684 1994 man.
1709 1957 1777 1992 iur.
1803 1958 1867 1992 159
1900 1956 1939 1991 in
1965 1968 1993 1991 6.
2012 1956 2033 1989 2
2059 1956 2099 1990 D.
2122 1956 2140 1990 7

208 2017 372 2053 addidit:
397 2017 518 2052 ‘Hunc
544 2017 708 2053 codicem
734 2017 857 2053 adhuc
883 2018 1025 2053 habent
1050 2017 1304 2061 Car-notenses,
1334 2018 1431 2053 unde
1456 2016 1493 2051 in
1520 2015 1679 2052 decretis
1706 2013 1828 2050 lvonis
1852 2014 1973 2049 multa
1998 2014 2045 2048 ab
2071 2013 2142 2048 hoc

209 2075 337 2112 codice
368 2077 545 2120 excerpta
576 2074 840 2111 inveniuntur.'
889 2075 1122 2120 Quamquam
1153 2075 1362 2121 plagiator,
1396 2077 1439 2110 ut
1466 2074 1597 2120 Singer
1622 2072 1844 2113 illustravit,
1880 2071 2073 2106 Franciani
2105 2073 2143 2106 et

210 2133 373 2168 Parisios
391 2132 568 2179 cognovit
593 2132 756 2177 iurisque
784 2133 980 2169 scientiam
1005 2134 1155 2169 scholae
1175 2132 1481 2179 Francogallicae
1500 2132 1670 2172 debebat,
1698 2134 1824 2166 tamen
1851 2142 1895 2166 ex
1920 2129 1991 2164 hac
2008 2129 2142 2174 glossa,

209 2194 252 2226 ut
283 2190 358 2226 iam
384 2191 452 2226 alii
477 2189 644 2226 homines
674 2189 776 2225 docti
802 2193 1066 2236 exposuerunt,
1099 2203 1171 2226 non
1203 2192 1361 2236 apparet
1393 2202 1476 2225 eum
1503 2187 1801 2224 Theodosianum
1829 2187 1886 2222 vel
1913 2185 2143 2221 Breviarium

211 2260 374 2293 unquam
392 2247 540 2283 vidisse.
582 2248 705 2283 Faveo
724 2247 959 2284 coniecturae
979 2248 1130 2284 Conrati
1149 2248 1397 2294 plagiatorem
1416 2250 1592 2289 nostrum,
1617 2246 1706 2290 quia
1724 2245 1825 2291 apud
1842 2245 1992 2280 Ivonem
2011 2243 2142 2279 Carno-

210 2309 351 2343 tensem
375 2307 587 2353 fragmenta
612 2306 743 2341 harum
768 2306 894 2352 legum
919 2306 1133 2350 invenisset,
1161 2305 1395 2342 contendisse
1422 2305 1461 2340 in
1486 2304 1576 2340 urbe
1600 2303 1817 2339 Carnotensi
1843 2302 2007 2338 codicem
2033 2313 2143 2345 quen-

211 2365 296 2399 dam
322 2363 571 2400 Theodosiani
596 2363 751 2408 fuisse.⁵)

327 2434 530 2478 Postquam
555 2446 662 2469 usum
685 2434 866 2470 forensem
891 2436 930 2470 et
955 2433 1221 2470 scholasticum
1240 2433 1422 2469 Breviarii
1447 2445 1513 2478 per
1532 2431 1696 2467 Galliam
1714 2429 2022 2473 Germaniamque
2048 2430 2141 2462 trac-

214 2491 386 2535 tavimus,
413 2503 534 2537 pauca
559 2494 706 2527 tanturn
732 2491 909 2534 dicamus,
935 2505 1022 2527 num
1047 2493 1108 2528 lex
1132 2494 1259 2528 nostra
1282 2491 1473 2527 Britannis
1498 2492 1587 2526 nota
1611 2488 1768 2533 fuerit.⁶)
1817 2488 1934 2534 Leges
1959 2487 2143 2522 Romanas

333 2620 357 2661 ¹)
381 2621 558 2664 Fournier,
584 2622 644 2654 Ivo
669 2620 736 2655 638
749 2633 810 2665 sq.‚
837 2620 914 2655 643.

330 2679 358 2720 ²)
384 2679 595 2712 Particulam
627 2681 880 2713 constitutionis
912 2681 1170 2713 Sirmondianae
1201 2680 1327 2722 primae
1358 2679 1392 2711 in
1427 2689 1498 2720 cap.
1517 2676 1582 2710 5251
1615 2677 1769 2710 collectio
1801 2674 1948 2717 capitum
1978 2673 2143 2705 CCXCIV

213 2726 325 2767 habet,
343 2736 445 2768 quam
464 2726 602 2760 Schulte
622 2738 664 2759 ex
681 2728 796 2760 codice
815 2728 907 2760 univ.
928 2727 1010 2760 bibl.
1029 2727 1208 2770 Pragensis
1226 2727 1308 2758 VIII
1324 2727 1368 2758 H.
1384 2724 1401 2756 7
1421 2737 1446 2757 s.
1464 2726 1530 2757 XlI
1549 2723 1735 2766 descripsit.
1777 2721 1940 2754 Gratiano
1958 2724 1991 2753 et
2007 2719 2142 2751 scholae

214 2773 299 2805 iuris
323 2772 479 2805 canonici
504 2773 710 2806 Bononiensi
736 2774 916 2806 antecedit.
967 2775 1004 2806 C.
1021 2772 1086 2805 251
1114 2778 1253 2806 auctore
1277 2772 1430 2804 Schultio
1464 2782 1506 2804 ex
1535 2771 1669 2802 decreto
1694 2768 1808 2801 lvonis
1841 2767 1895 2799 vel
1927 2778 1968 2798 ex
1999 2765 2074 2797 coll.
2095 2766 2143 2796 III

213 2819 363 2862 partium
388 2819 548 2852 haustum
574 2823 634 2852 est.
683 2820 751 2852 Csr.
778 2820 917 2852 Schulte
942 2820 978 2852 in
1003 2831 1122 2852 comm.
1148 2820 1229 2851 min.
1247 2818 1347 2850 Vind.
1366 2818 1471 2859 LVII,
1496 2816 1575 2858 200,
1601 2815 1678 2856 218,
1704 2812 1774 2847 220
1798 2819 1831 2846 et
1854 2813 1989 2851 CXVII,
2013 2810 2063 2843 13.

331 2876 359 2917 ³)
385 2877 444 2909 cfr.
470 2877 629 2908 Maassen
659 2877 695 2908 in
719 2874 947 2909 ‘Jahrbiicher
978 2877 1036 2909 des
1066 2876 1247 2919 gemeinen
1271 2871 1408 2907 Rechts’
1434 2875 1476 2913 ΙΙ,
1495 2872 1578 2913 221;
1612 2872 1699 2905 idem
1729 2872 1766 2903 in
1800 2881 1920 2902 comm.
1939 2868 2020 2900 min.
2038 2865 2142 2899 Vind.

213 2923 346 2963 XXXI,
372 2921 439 2954 465
453 2933 520 2964 sq.;
562 2922 702 2955 Schulte
736 2923 770 2954 in
808 2933 927 2955 comm.
953 2923 1034 2955 min.
1062 2922 1160 2954 Vind.
1187 2922 1308 2960 LXIV,
1338 2919 1402 2952 114
1416 2931 1481 2961 sq.;
1520 2919 1624 2959 idem,
1663 2917 1867 2950 Geschichte
1905 2915 1963 2946 der
1999 2913 2143 2954 Qnellen

213 2969 500 3047 ἓῖἷὲξίἑξῖῗωι·
532 2968 590 3000 (165
622 2969 851 3001 canonischen
876 2969 1001 3001 Rechts
1028 2970 1052 3009 Ι,
1078 2967 1153 3001 106.
1179 2965 1266 3008 224;
1301 2968 1440 3006 Conrat,
1473 2966 1627 3008 Epitome
1652 2964 1793 2996 Exactis
1821 2962 1977 3004 regibus,
2010 2960 2143 3001 Proleg.

233 3018 239 3028 '
450 3025 499 3056 sq.

332 3071 359 3114 ⁴)
384 3073 461 3104 Non
486 3071 623 3104 omnino
649 3071 761 3114 opinio
787 3071 959 3104 reicienda
984 3075 1034 3103 est
1063 3076 1235 3103 auctorem
1261 3070 1423 3102 Summae
1447 3069 1621 3100 Parisinae
1653 3067 1695 3099 ad
1727 3066 1878 3099 codicem
1904 3064 2012 3096 Paris.
2039 3074 2142 3095 nouv.

215 3129 291 3160 aeq.
311 3119 388 3151 Lat.
407 3117 494 3150 1631
516 3115 593 3160 [hac
611 3118 757 3150 editione
774 3115 831 3160 K]‚
857 3118 914 3159 qui
939 3122 1041 3149 antea
1058 3117 1254 3149 Aurelianis
1279 3118 1421 3148 sortasse
1446 3115 1638 3156 antiquitus
1664 3112 1930 3149 custodiebatur,
1956 3110 2145 3152 respexisse

216 3163 423 3208 [Mommsen
446 3165 480 3196 in
505 3164 558 3196 his
582 3164 715 3207 Proleg.
741 3161 944 3205 LXXV111].

337 3221 365 3265 ⁵)
391 3223 527 3260 Conrat,
553 3221 707 3264 Epitome
733 3222 871 3254 Exactis
893 3221 1036 3265 ,regibus
1061 3220 1196 3262 Proleg.
1223 3219 1446 3252 CLXXXVII
1462 3229 1531 3260 sq.;
1558 3217 1679 3249 Ficker
1704 3216 1739 3247 in
1761 3215 1910 3253 IOeGF.‚
1935 3218 2015 3246 tom.
2033 3213 2143 3256 suppl.

214 3267 338 3348 gagg?
355 3268 684 3348 ἒΙὶἶιΧςὲζίῗιῦΑῐοὴίν
701 3270 724 3300 f.
743 3267 870 3301 kathol.
886 3267 1133 3300 Kirchenrecht
1157 3266 1314 3306 LXXIII,
1334 3264 1377 3297 21
1392 3276 1453 3307 sq.,
1471 3263 1526 3304 37,
1546 3262 1609 3304 70;
1635 3263 1733 3304 idern,
1752 3262 1816 3294 Die
1834 3261 1973 3294 Summa
1990 3260 2145 3302 magistri

333 3371 361 3415 ⁸)
387 3373 512 3406 Conrat
536 3371 562 3412 Ι,
581 3368 626 3404 60
639 3382 687 3414 sq.

2237 720 2395 754 Collecti«)

2179 768 2442 799 (atalamzensis

2227 814 2386 846 secunda.

2195 907 2337 938 Smnma

2177 953 2352 986 I'arisimz.

2188 1958 2368 2001 Playz‘ator

2219 2004 2339 2047 Rufini

2194 2052 2230 2083 in
2256 2051 2366 2083 codice

2190 2100 2277 2130 Gon.
2302 2100 2337 2129 15
2344 2101 2373 2129 9.

2193 2430 2389 2463 Britannia.
