2485 3615
1151 182 1196 186 —-
1244 161 1398 198 XCVIII
1445 181 1487 187 —

773 277 908 301 annum
933 264 1131 310 septimum
1159 264 1237 307 (scr.
1264 276 1377 300 annos
1402 266 1560 310 septem)
1587 266 1682 303 alius
1707 280 1769 303 rex
1795 280 1866 304 non
1891 268 2063 315 regnavit

772 322 983 368 Hilpericus
1007 334 1069 356 rex
1094 321 1267 367 regnavit
1292 322 1399 356 VIIII
1424 334 1538 357 annos

773 382 858 414 sunt
882 379 919 414 in
943 390 1085 414 summa
1109 378 1196 414 anni
1222 379 1430 414 LXXVIIII

771 436 926 481 Pipinus
951 448 1013 471 rex
1039 436 1211 481 regnavit
1236 436 1359 471 XVIII
1385 449 1509 472 annos

360 504 460 541 Libri
491 505 528 540 in
563 505 684 541 indice
720 506 788 540 hoc
823 505 883 539 vix
914 505 1078 547 variant,
1114 505 1185 540 nisi
1218 507 1315 550 quod
1341 506 1615 542 Ottobonianus
1645 508 1769 544 omisit
1800 510 1904 545 uncis
1935 511 2209 556 comprehensa.
2237 532 2279 537 —

359 563 520 600 Indicem
539 563 705 607 sequitur
721 561 946 607 subscriptio
963 562 1177 598 Alariciana
1195 563 1297 599 edita
1314 576 1426 609 supra
1444 565 1640 609 p.XXXV.
1661 586 1702 590 ——
1721 566 1836 612 Leges
1854 567 2056 604 additiciae
2071 569 2102 611 2,
2116 569 2146 610 7,
2162 569 2191 604 1.
2203 570 2224 603 2
2238 589 2280 594 —

358 620 490 663 3,12,1
519 641 560 646 —
589 622 640 664 16,
655 622 685 663 9,
701 622 723 656 4
748 640 791 645 —
819 620 975 661 16,11,3
1000 619 1105 655 libris
1130 621 1249 656 tribus
1275 633 1484 658 communes
1509 624 1603 658 sunt.

472 723 659 758 Parisinus
683 724 774 759 4410
798 735 892 759 saec.
911 724 1009 765 IXsX
1036 724 1191 768 (Haenel
1217 725 1259 759 29
1287 740 1329 753 =
1351 725 1408 769 30)
1435 724 1610 760 adiuncto
1635 726 1725 762 folio
1751 726 1837 763 inde
1862 729 1992 764 avulso
2017 731 2056 765 et
2080 729 2156 764 iam
2179 729 2280 765 facto

358 781 381 815 f.
399 781 442 815 68
468 780 604 815 codicis
627 781 741 815 Paris.
756 782 857 816 4406.
903 781 1094 817 Breviario
1120 781 1377 827 praemittitur
1401 782 1615 818 Auctoritas
1640 782 1781 819 Alarici
1807 786 1846 820 et
1871 789 1986 830 caput
2008 786 2050 821 de
2073 787 2174 820 trina
2200 796 2279 820 con-

359 837 516 871 ventione
540 838 587 882 (p.
606 837 826 882 LXXXIII);
857 837 938 872 finit
964 839 1042 873 cod.
1061 839 1231 884 Hermog.
1257 838 1315 874 tit.
1335 841 1356 874 2
1382 840 1480 875 verb.
1505 851 1584 874 cum
1608 851 1704 883 pena.
1727 840 1948 876 reddendum
1972 847 2055 878 erat.
2107 842 2279 878 Codicem

357 893 391 928 in
411 893 578 929 Novellis
603 906 718 940 prope
744 895 919 930 accedere
944 895 991 930 ad
1011 896 1053 930 N
1072 899 1196 931 monet
1215 896 1351 931 Paulus
1369 896 1503 941 Meyer.
1547 896 1795 932 Theodosiani
1820 898 2005 935 decurtati
2030 900 2125 935 liber
2141 901 2174 935 V
2197 912 2281 935 cum

356 951 514 993 deesset,
546 963 588 987 eo
613 952 694 987 loco
725 951 882 988 insertus
908 955 964 988 est
989 965 1031 989 ex
1058 952 1184 988 codice
1210 953 1335 998 aliquo
1361 953 1566 998 (simillimo
1590 955 1706 990 nostri
1731 955 1787 999 N)
1814 955 1994 991 Breviarii
2020 956 2158 1004 integri
2181 957 2279 993 idem

356 1007 450 1043 liber
473 1008 557 1043 inde
583 1021 605 1044 a
630 1010 741 1045 titulo
768 1011 926 1046 secundo
952 1011 994 1045 de
1020 1011 1120 1046 bonis
1144 1011 1294 1045 militum
1319 1012 1366 1046 ad
1392 1012 1511 1046 finem.
1554 1013 1717 1048 Stemma
1734 1012 1956 1059 inscriptum
1980 1015 2050 1058 lege
2072 1013 2281 1049 hereditates

355 1066 645 1109 quemadmodum
669 1067 832 1112 redeant,
863 1069 961 1113 quod
991 1081 1034 1105 ex
1061 1069 1309 1104 Theodosiani
1335 1071 1503 1115 exemplo
1528 1082 1550 1106 a
1576 1070 1791 1107 Ranconeto
1815 1070 1887 1106 sibi
1915 1072 2147 1108 commodato
2174 1071 2280 1108 Cuia-

356 1122 433 1157 cius
458 1123 576 1159 edidit
601 1137 634 1160 a.
654 1126 742 1161 1564
766 1125 804 1160 in
828 1126 1126 1162 observationum
1152 1126 1241 1161 LVI
1268 1139 1297 1161 c.
1314 1127 1374 1169 40,
1409 1129 1533 1172 potest
1564 1140 1607 1163 ex
1631 1128 1701 1164 hoc
1727 1128 1853 1164 codice
1878 1128 2078 1174 proficisci,
2109 1128 2141 1164 si
2171 1129 2280 1165 sumi-

355 1193 434 1215 mus
459 1193 541 1217 eum
576 1194 721 1227 quoque
752 1183 953 1229 aliquando
985 1183 1096 1219 fuisse
1129 1184 1345 1220 Ranconeti.
1394 1184 1541 1220 Similia
1572 1186 1801 1231 exemplaria
1833 1188 1929 1223 teste
1954 1187 2135 1223 Haenelio
2165 1188 2278 1230 (brev.

355 1238 402 1272 ad
428 1250 462 1283 p.
479 1239 560 1283 456)
585 1241 715 1275 extant
739 1240 777 1275 in
803 1240 973 1277 Leidensi
999 1241 1098 1276 uniV.
1119 1242 1199 1283 114,
1226 1241 1393 1277 Parisino
1417 1243 1518 1285 4112,
1545 1242 1729 1279 Vaticano
1754 1243 1906 1289 reginae
1934 1244 2022 1280 1023
2032 1258 2040 1286 ;
2066 1245 2136 1281 hoc
2161 1244 2279 1281 Paulo

355 1295 513 1340 Meyero,
540 1295 604 1341 qui
629 1296 803 1343 inspexit,
830 1310 901 1333 non
927 1298 1043 1334 visum
1069 1301 1126 1334 est
1152 1311 1174 1334 a
1200 1298 1352 1335 Cuiacio
1378 1299 1590 1335 adhibitum
1615 1312 1704 1336 esse.

468 1399 658 1435 Parisinus
682 1401 770 1436 4411
806 1413 900 1436 saec.
920 1401 971 1436 IX
997 1402 1153 1446 (Haenel
1179 1403 1224 1438 30
1251 1418 1292 1431 =
1318 1403 1386 1447 22).
1439 1402 1706 1449 Inscriptiones
1740 1404 1816 1440 fere
1848 1404 1999 1448 absunt,
2033 1405 2170 1442 adsunt
2203 1405 2280 1441 dies

355 1459 393 1492 et
418 1455 755 1502 interpretationes.

471 1548 657 1584 Parisinus
674 1550 764 1585 4412
789 1563 884 1587 saec.
898 1551 949 1586 IX
968 1552 1123 1595 (Haenel
1141 1551 1182 1587 31
1204 1567 1245 1580 =
1263 1552 1334 1596 23),
1361 1551 1563 1596 aliquando
1580 1551 1744 1594 Pithoei;
1771 1553 1965 1589 adhibitus
1990 1555 2038 1590 ad
2062 1555 2118 1590 ed.
2137 1554 2280 1591 Cuiaci-

355 1616 464 1640 anam
483 1618 514 1641 a.
532 1606 619 1642 1586
638 1607 737 1651 (vide
755 1609 802 1643 ad
822 1609 997 1653 1,15‚17).
1036 1609 1224 1644 Gemellus
1249 1610 1306 1644 est
1322 1608 1498 1644 Vaticani
1515 1608 1666 1655 reginae
1687 1610 1785 1645 1023.
1827 1611 1869 1645 In
1894 1613 2050 1656 utroque
2076 1613 2280 1658 exemplari

353 1662 543 1698 Breviario
561 1664 844 1709 praescribitur:
870 1665 1051 1710 incipiunt
1067 1666 1260 1700 sententiae
1281 1677 1360 1701 cum
1378 1666 1498 1701 diebus
1523 1670 1554 1701 et
1571 1668 1873 1712 consol(a)t(ibus)
1891 1672 2047 1713 ercerpte
2069 1679 2148 1704 cum
2172 1670 2280 1704 inter-

348 1721 604 1764 pretationibus
623 1722 702 1756 libri
727 1724 839 1767 leyum
863 1734 906 1758 ea:
929 1735 1069 1768 corpore
1094 1724 1124 1758 T
1126 1724 1290 1759 heudosii
1305 1724 1491 1769 (theodos-ii
1508 1724 1629 1769 Vat.):
1654 1724 1766 1768 ipsius
1791 1725 1822 1759 T
1824 1725 1982 1760 heudosii
1999 1726 2165 1769 (thodosii
2178 1727 2280 1773 Vat.)

352 1782 438 1812 sunt
455 1779 536 1813 libri
550 1779 589 1813 X
601 1780 657 1823 VI,
675 1782 888 1816 novellarum
906 1782 999 1824 (libri
1016 1781 1082 1816 ins.
1102 1782 1198 1827 Par.)
1214 1793 1293 1817 cum
1313 1782 1516 1817 auctoribus
1540 1793 1668 1825 eorum,
1694 1782 1736 1816 id
1769 1786 1817 1817 est
1837 1783 2082 1818 Valentiniani
2099 1784 2281 1819 Martiani

354 1836 560 1871 Maiurumi
585 1837 700 1872 Severi
725 1839 879 1873 Maximi
904 1840 1001 1883 (sunt
1026 1839 1091 1874 ins.
1112 1840 1207 1884 Par.)
1234 1840 1290 1874 lib.
1316 1839 1350 1874 V
1370 1840 1529 1883 (insimul
1553 1840 1618 1874 ins.
1646 1840 1759 1882 Par.):
1798 1840 1854 1875 liic
1878 1840 1918 1874 in
1942 1841 2050 1884 finem
2074 1841 2223 1877 istorum
2248 1846 2281 1877 et

353 1897 437 1928 ante
470 1894 617 1929 inicium
651 1895 744 1940 Gayi
775 1897 934 1931 arborem
964 1897 1144 1942 (arborum
1168 1898 1268 1941 Vat.)
1302 1897 1380 1932 iure
1413 1897 1553 1941 require
1586 1897 1870 1943 [intelleguntur
1903 1899 2044 1934 arbores
2075 1899 2167 1934 iwris
2201 1899 2278 1935 sive

355 1954 563 1994 stemmata,
590 1952 718 1997 qualia
743 1953 862 1990 edidit
886 1954 1028 1990 Haenel
1055 1955 1153 1991 brev.
1181 1955 1229 1990 ad
1254 1968 1290 2000 p.
1307 1954 1407 2000 456]:
1441 1955 1537 2001 Gayi
1561 1955 1643 1990 liber
1660 1955 1695 1998 I,
1723 1954 1833 1989 Pauli
1856 1955 2112 1990 sentenciarum
2136 1956 2215 1991 libri
2239 1956 2277 2000 V,

360 2008 573 2054 Greyoriani
603 2010 691 2045 libro
716 2011 752 2054 1,
781 2011 1069 2057 Hermoqeniaui
1103 2013 1190 2047 libro
1215 2013 1251 2055 I,
1284 2012 1449 2057 Papiani
1480 2012 1567 2046 libro
1596 2011 1627 2055 Ι,
1657 2012 1796 2046 Antimi
1829 2012 1917 2047 libro
1943 2013 1979 2047 1:
2002 2013 2110 2056 flunt
2132 2013 2280 2049 insimul

354 2070 501 2101 veterum
525 2078 568 2102 ac
591 2069 811 2103 novellarum
835 2069 914 2103 libri
939 2070 1051 2115 leyum
1078 2070 1207 2104 XXX
1228 2074 1261 2104 et
1284 2080 1367 2104 un0.
1417 2068 1674 2105 Theodosiano
1699 2069 1981 2114 praescribitur:
2006 2070 2137 2114 incipit
2165 2071 2279 2106 Theo-

356 2124 477 2160 dosius
512 2125 596 2160 liber
621 2127 654 2169 I,
690 2127 948 2163 subscribitur:
993 2128 1236 2163 Tlieudosiani
1271 2128 1561 2162 constitutionum
1596 2127 1790 2171 expliciunt
1826 2128 1912 2162 libri
1939 2128 2056 2171 XVI,
2087 2128 2279 2166 Breviario

355 2182 614 2217 subscribitur:
640 2184 784 2227 explicit
808 2184 890 2219 liber
909 2184 1080 2229 Papiani.
1122 2185 1212 2221 Post
1236 2185 1359 2221 locum
1378 2184 1588 2230 Papiniani,
1615 2184 1653 2219 in
1676 2196 1748 2229 quo
1766 2183 1997 2220 Breviarium
2022 2184 2114 2228 finit,
2140 2186 2281 2232 legitur

356 2238 616 2285 interpretatio
643 2240 709 2275 Th.
728 2241 759 2283 9,
778 2242 866 2283 1,10
896 2242 1038 2288 pariter
1066 2244 1179 2287 atque
1210 2242 1249 2277 in
1273 2242 1457 2278 Fuldensi.
1506 2242 1595 2278 Post
1624 2242 1791 2277 novellas
1815 2241 2007 2277 Anthemii
2035 2241 2190 2289 legitur:
2222 2254 2279 2279 ex·

349 2297 455 2340 plicit
479 2297 567 2342 leyes
592 2297 665 2332 diri
689 2299 853 2333 Anthimi
879 2301 986 2344 Any„
1019 2300 1167 2341 deinde,
1198 2300 1262 2336 sed
1292 2311 1404 2335 manu
1429 2299 1521 2335 alia:
1553 2292 1637 2344 (ζωῇ
1657 2292 1704 2334 {Tb
1727 2300 1839 2343 layum
1862 2292 1938 2342 felT‘t
1965 2310 2079 2334 amen.
2130 2299 2281 2336 Praeter

355 2354 532 2398 novellas,
558 2366 652 2399 quae
680 2355 815 2391 adsunt
840 2358 984 2399 auctae,
1010 2356 1096 2392 huic
1121 2357 1217 2392 libro
1242 2359 1280 2393 et
1304 2357 1463 2403 gemello
1488 2356 1678 2402 proprium
1698 2359 1765 2398 est,
1791 2359 1833 2392 ut
1856 2368 1969 2402 supra
1985 2368 2020 2401 p.
2035 2356 2205 2391 LXXXV
2223 2369 2280 2394 ex-

356 2411 555 2455 posuimus,
582 2413 679 2457 quod
705 2412 743 2447 in
761 2413 879 2459 primo
903 2413 998 2450 libro
1022 2415 1128 2450 adest
1150 2414 1287 2450 codicis
1307 2414 1554 2451 Theodosiani
1571 2414 1672 2459 pleni
1691 2425 1773 2449 cum
1796 2425 1947 2449 numero
1964 2425 2029 2450 suo
2045 2413 2194 2449 rubrica
2211 2414 2280 2449 XV

356 2469 394 2503 et
418 2471 657 2505 numerantur
682 2469 855 2516 deinceps
880 2471 1049 2507 rubricae
1067 2472 1153 2506 XVI
1179 2472 1284 2516 (item
1308 2471 1437 2515 nobis).
1463 2471 1569 2506 XVII
1593 2472 1755 2515 (nostrae
1781 2471 1836 2507 ed.
1854 2471 1936 2515 XX)
1963 2470 2111 2516 [XVIII.
2137 2471 2279 2506 XVIIII

355 2524 393 2559 in
411 2527 541 2561 neutro
559 2526 654 2562 libro
672 2527 830 2573 adsunt}
850 2529 917 2563 XX
936 2528 1056 2571 (nobis
1071 2529 1218 2573 XXIX).
1236 2529 1323 2564 XXI
1342 2528 1461 2571 (nobis
1475 2528 1679 2573 XXXIIID,
1697 2527 1767 2562 nisi
1786 2528 1884 2573 quod
1902 2540 1924 2563 a
1940 2527 2108 2564 Parisino
2125 2531 2280 2574 propter

355 2582 501 2618 hiatum
519 2584 618 2628 (post
637 2585 665 2626 1,
680 2585 734 2626 29,
749 2585 770 2620 8
793 2585 962 2631 sequitur
983 2586 1246 2632 interpretatio
1263 2588 1293 2628 2,
1306 2587 1338 2627 4,
1352 2587 1387 2631 ’7)
1407 2588 1591 2621 extremus
1614 2597 1786 2621 numerus
1804 2585 1920 2621 abest.
1963 2584 2280 2621 Constitutionum

356 2652 428 2675 non
452 2644 686 2686 receptarum
716 2643 764 2678 ab
792 2643 1015 2679 Alaricianis
1046 2656 1119 2680 una
1143 2644 1222 2680 sola
1255 2644 1360 2680 adest
1388 2644 1561 2685 1‚15,17.
1593 2663 1637 2668 —
1670 2643 1857 2678 Adhaeret
1881 2641 2064 2678 Breviarii
2093 2643 2279 2679 decurtati

356 2699 525 2744 exemplo
557 2698 701 2745 integro
732 2700 770 2735 in
801 2700 902 2736 foliis
932 2701 1105 2738 extremis
1137 2701 1317 2736 127—134
1348 2701 1508 2737 alterum
1538 2700 1712 2736 mutilum
1744 2699 1927 2746 incipiens
1956 2699 1995 2734 in
2025 2699 2143 2735 Paulo
2174 2700 2205 2742 5,
2223 2699 2278 2742 36,

355 2755 484 2792 finiens
510 2755 548 2790 in
574 2757 799 2803 Gregoriano
825 2759 855 2800 3,
873 2759 926 2801 10,
953 2759 1051 2804 quod
1075 2758 1216 2804 excipit
1242 2762 1327 2805 post
1350 2758 1496 2795 hiatum
1521 2770 1607 2804 pars
1633 2757 1728 2805 legis
1751 2758 1940 2794 Romanae
1964 2757 2277 2804 Burgundionum.

471 2860 658 2896 Parisinus
688 2861 779 2896 4413
815 2861 977 2907 scriptus
1014 2861 1052 2896 in
1083 2861 1292 2897 Baiocassis
1323 2873 1354 2897 a.
1379 2862 1446 2897 832
1478 2862 1634 2906 (Haenel
1659 2862 1703 2898 32
1730 2877 1772 2890 =
1797 2860 1856 2901 313
1892 2860 1937 2895 cf.
1962 2859 2101 2896 Delisle
2130 2860 2196 2895 cal.
2221 2859 2280 2894 des

356 2927 434 2951 mss,
460 2917 490 2959 3,
506 2917 573 2952 253
598 2918 674 2954 tab.
693 2919 754 2959 25;
780 2919 896 2954 Flach
920 2919 1038 2954 etudes
1063 2919 1231 2963 critiques
1255 2930 1319 2953 sur
1344 2918 1512 2954 l'liistoire
1537 2919 1588 2953 du
1611 2918 1702 2952 droit
1725 2919 1864 2953 romain
1890 2916 2018 2963 [Paris.
2039 2916 2140 2962 1890]
2166 2928 2201 2962 p.
2219 2917 2278 2961 85)

356 2973 535 3009 notabilis
560 2977 616 3010 est
638 2977 791 3020 propter
807 2975 964 3011 indicem
983 2975 1178 3011 titulorum
1203 2975 1290 3011 libri
1315 2975 1427 3021 primi
1452 2976 1540 3011 huic
1559 2975 1737 3012 volumini
1757 2974 1955 3016 adiectum,
1982 2974 2026 3010 de
2044 2985 2116 3019 quo
2136 2973 2279 3020 egimus

359 3043 470 3075 supra
496 3044 530 3076 p.
550 3032 728 3066 LXXXV.
778 3033 927 3068 Glossas
952 3032 985 3068 ei
1010 3033 1219 3078 adscriptas
1243 3036 1501 3069 tractaverunt
1530 3036 1568 3069 et
1593 3045 1636 3070 ex
1662 3035 1769 3078 parte
1794 3032 1988 3068 ediderunt
2011 3031 2152 3067 Haenel
2178 3030 2278 3067 brev.

358 3099 393 3131 p.
414 3088 545 3123 XXIV.
571 3090 648 3124 462.
675 3090 742 3125 463
768 3093 806 3125 et
831 3090 947 3125 Flach
971 3091 994 3125 l.
1014 3103 1043 3126 c.
1070 3103 1105 3136 p.
1126 3091 1190 3125 157
1204 3102 1278 3135 seq.

474 3191 660 3226 Parisinus
682 3193 774 3228 4414
799 3204 893 3228 saec.
913 3193 944 3227 X
969 3194 1124 3238 (Haenel
1150 3194 1194 3228 33
1212 3209 1254 3223 ==
1272 3193 1330 3237 32)
1357 3192 1546 3229 Breviario
1572 3192 1808 3238 praescribit:
1840 3193 1880 3227 in
1908 3191 2037 3227 emisti
2060 3190 2199 3225 nomine
2222 3190 2278 3224 in-

357 3247 444 3291 cipit
469 3250 640 3292 capitula:
665 3250 746 3284 liber
772 3250 958 3285 Romanus
981 3251 1022 3285 de
1045 3251 1076 3285 T
1077 3251 1323 3296 h(eodosian)o
1348 3255 1380 3285 et
1390 3250 1442 3295 (.9)
1469 3250 1543 3296 d(e)
1568 3251 1725 3295 P(au)l0‚
1751 3250 1794 3285 de
1813 3250 1902 3294 Gai,
1927 3249 1968 3284 de
1986 3248 2211 3293 Go·e9m*iuin‚
2238 3247 2280 3282 de

360 3306 583 3350 mitellarum,
601 3306 642 3341 de
662 3307 895 3342 Constantino
918 3308 1048 3342 Onorio
1065 3307 1257 3352 Areadfflo
1274 3307 1456 3352 Iul(i)ano
1473 3307 1635 3351 Rufino(
1641 3306 1673 3347 .9)
1693 3307 1874 3351 Cornelio(
1880 3306 1913 3349 .9)
1926 3307 2017 3352 qu.
2026 3304 2075 3350 (2)
2095 3304 2279 3340 Graciano

361 3361 563 3398 Alexander
586 3364 648 3398 isti
666 3365 982 3410 plareyereaeerunt
1007 3365 1087 3409 (sic)
1112 3365 1154 3400 in
1177 3366 1248 3410 leye
1273 3365 1451 3401 Romana.
1501 3364 1656 3410 Propria
1679 3367 1766 3401 sunt
1795 3363 1882 3400 huic
1907 3363 2002 3398 libro
2027 3364 2066 3398 et
2089 3360 2278 3397 simillimo

2444 3531 2482 3615 zer«
