2485 3615
1268 168 1513 204 ‚CX-

426 279 497 315 fuit
522 278 574 313 ‘in
598 278 704 314 libris
729 277 878 324 collegii
914 274 1066 312 oratorii
1093 271 1311 312 Trecensis';
1344 271 1419 306 iarn
1457 270 1675 306 adservatur
1705 271 1784 315 (sed
1817 271 1974 307 exsectis
2003 270 2104 307 foliis
2128 272 2194 306 469
2210 273 2266 317 [=
2285 273 2352 308 Th.

429 339 480 379 15,
495 338 525 378 5,
540 337 575 382 4]
594 358 641 364 -
656 336 724 371 528
739 337 794 381 [=
812 335 905 369 Nov.
925 332 1063 367 Theod.
1080 332 1131 374 3])
1166 329 1203 364 in
1234 328 1466 363 bibliotheca
1499 326 1654 372 publica
1686 327 1856 364 Parisina
1887 340 2037 364 numero
2071 331 2243 365 nota-tum
2274 330 2315 365 F
2321 333 2352 372 ²;

426 393 606 430 Haenelio
632 393 671 428 id
695 404 767 428 non
793 391 959 427 oblatum
985 391 1041 424 est
1065 399 1184 431 neque
1209 385 1302 420 mihi
1334 385 1371 420 in
1397 397 1527 420 manus
1554 384 1657 420 venit
1681 383 1753 419 nisi
1778 388 1863 430 post
1888 397 2077 431 expressos
2104 386 2355 423 Theodosiani

426 451 540 486 libros
557 451 590 484 V
615 449 762 495 primos.
812 449 854 482 ln
886 445 1125 490 sequentibus
1155 444 1293 478 librum
1327 442 1526 478 citavimus
1556 442 1622 477 sub
1654 441 1802 477 nomine
1827 442 1975 478 Pithoei
2000 443 2220 489 plerumque
2244 445 2354 487 nude,

426 507 480 543 ibi
500 519 593 548 vero,
620 506 684 541 ubi
710 504 893 541 consentit
920 515 1002 538 cum
1029 501 1232 546 exemplari
1257 499 1393 541 fratris,
1421 500 1529 540 F2·3;
1556 510 1628 534 non
1652 510 1773 544 pauca
1799 498 1898 534 enim
1914 512 2009 544 quae
2032 500 2071 535 in
2090 500 2243 537 huiusce
2265 502 2354 538 libri

426 564 654 610 marginibus
681 562 868 606 adscripta
895 562 991 602 sunt,
1018 571 1100 594 cum
1126 557 1365 604 praecedenti
1390 557 1506 592 habet
1531 556 1749 592 communia.
1791 557 1851 592 Ita
1868 557 2101 599 constitutio,
2126 570 2238 603 quam
2255 559 2354 595 dedi-

425 635 505 657 mus
533 622 630 663 1‚1.5,
649 622 699 654 17.
731 623 771 654 ut
806 618 844 652 in
875 617 1080 663 exemplari
1113 617 1174 651 F³
1204 616 1259 651 ita
1291 615 1328 650 in
1359 616 1428 650 hoc
1455 625 1601 659 quoque
1633 613 1772 659 legitur
1802 614 1870 648 sub
1902 615 2134 661 praescripto
2163 617 2204 650 in
2233 616 2354 660 lib(ro)

424 679 584 722 fr(atris)
610 678 735 721 (supra
760 688 795 721 p.
815 674 1000 718 LXXIX);
1026 674 1117 709 item
1143 672 1376 718 computatio
1403 672 1447 707 de
1473 671 1601 706 hiatus
1627 670 1782 712 ambitu,
1809 682 1921 715 quam
1947 672 2114 708 dedimus
2139 674 2187 709 ad
2207 674 2239 716 6,
2252 674 2285 716 4,
2298 674 2355 717 33,

426 736 584 771 totidem
606 733 728 770 verbis
753 732 893 778 legitur
910 731 947 766 in
971 730 1176 777 exemplari
1201 734 1373 775 utroque:
1401 729 1558 773 denique
1583 727 1826 773 interpolatio
1847 729 1898 770 12,
1916 730 1945 770 1,
1961 730 2036 771 151,
2051 730 2074 765 2
2092 730 2358 776 principalium

428 792 612 838 reperitur
636 790 674 825 in
699 789 866 836 margine
893 792 1061 833 utroque.
1087 808 1131 812 —-
1156 786 1427 822 Adnotationes
1453 797 1514 820 eas
1539 785 1679 820 maiore
1706 787 1804 820 certe
1836 797 1880 820 ex
1905 789 2012 830 parte
2043 787 2253 833 adscriptas
2277 800 2356 825 esse

426 849 525 884 circa
551 860 582 884 a.
601 848 691 883 1584
716 849 915 893 propterea
947 844 1141 891 probabile
1173 847 1245 887 est,
1277 843 1376 888 quod
1406 843 1444 877 in
1475 842 1549 877 alio
1581 841 1835 877 bibliothecae
1861 842 2053 879 Parisinae
2079 844 2265 881 volumine
2291 845 2357 889 (in-

424 906 551 942 dicato
584 905 677 940 mihi
708 905 755 940 ab
779 903 939 940 Henrico
965 903 1099 938 Omont
1132 901 1282 948 egregio
1314 903 1461 936 nostrae
1495 911 1629 945 operae
1656 898 1855 944 adiutore),
1890 899 2035 936 scilicet
2066 901 2192 938 codice
2218 902 2356 948 Dupuy

423 977 457 998 n.
473 964 550 1004 952,
577 962 674 998 inter
699 961 912 997 adversaria
941 961 1085 996 diversa
1112 960 1139 994 F
1142 958 1299 994 rancisci
1320 957 1469 993 Pithoei
1492 958 1668 1003 leguntur
1693 957 1729 1000 (f.
1746 957 1870 1002 8seq.)
1894 960 2071 1003 excerpta
2095 959 2288 1004 complura
2312 972 2356 996 ex

425 1020 551 1056 codice
577 1019 836 1055 Theodosiano
861 1018 967 1054 nobis
991 1029 1063 1053 non
1088 1017 1216 1058 utilia,
1251 1016 1315 1052 sed
1346 1018 1475 1061 aperte
1499 1014 1741 1060 respicientia
1766 1014 1813 1050 ad
1838 1015 2010 1051 volumen
2044 1018 2227 1058 nostrum,
2260 1029 2357 1054 anno

424 1078 490 1113 illo
507 1079 608 1120 (1584
626 1077 770 1117 Not-eb.)
788 1075 1030 1122 praescripto.
1069 1074 1160 1110 Cum
1187 1085 1228 1110 eo
1253 1077 1420 1119 tempore
1445 1075 1545 1108 recte
1572 1072 1756 1114 convenit,
1782 1072 1882 1117 quod
1906 1073 1976 1108 hoc
2002 1075 2191 1118 apparatu
2207 1072 2358 1110 Pithoei

423 1134 577 1170 iunioris
597 1134 771 1170 Cuiacius
796 1135 843 1169 ad
868 1133 1119 1168 adornandam
1145 1131 1344 1167 editionem
1373 1131 1542 1172 alteram,
1569 1142 1664 1175 quae
1689 1129 1831 1175 prodiit
1855 1141 1887 1165 a.
1904 1129 2002 1172 1586,
2030 1129 2087 1166 ita
2110 1143 2198 1166 usus
2222 1134 2289 1174 est,
2313 1134 2358 1167 ut

425 1193 602 1237 pleraque
636 1191 791 1228 editioni
822 1191 1004 1227 secundae
1038 1189 1189 1236 propria
1222 1189 1376 1225 redeant
1411 1188 1449 1223 in
1483 1188 1714 1234 marginibus
1749 1187 1978 1224 Pithoeanis.
2034 1187 2244 1224 Relationis
2277 1189 2358 1225 eius

425 1262 520 1295 quae
544 1250 743 1287 intercedit
768 1249 865 1285 inter
883 1250 1109 1294 apparatum
1133 1250 1299 1283 nostrum
1325 1250 1363 1282 et
1389 1245 1589 1282 editionem
1609 1244 1853 1281 Cuiacianam
1869 1246 2029 1281 alteram
2048 1245 2264 1282 testimonia
2286 1246 2356 1282 hoc

425 1308 506 1343 loco
532 1319 654 1353 pauca
678 1305 853 1353 apposui3
878 1306 989 1351 plura
1013 1304 1245 1350 reperientur
1269 1304 1309 1338 in
1335 1307 1522 1349 apparatu
1546 1306 1687 1338 nostro:

472 1383 502 1423 5,
517 1382 582 1424 9,1
655 1381 935 1417 additamentum
966 1380 1013 1415 ad
1045 1380 1374 1424 interpetationem
1408 1381 1444 1414 et
1480 1378 1511 1413 si
1546 1378 1727 1423 adoptare
1753 1404 1760 1412 .
1785 1404 1792 1412 .
1817 1404 1824 1411 .
1850 1404 1857 1411 .
1884 1378 2089 1422 potestate,
2124 1377 2219 1422 quod
2246 1389 2358 1423 ‘neque

701 1438 903 1473 Haenelius
932 1438 973 1471 in
996 1437 1173 1472 codicibus
1203 1436 1246 1470 ab
1270 1436 1346 1480 ipso
1369 1435 1537 1480 inspectis
1560 1435 1717 1480 repperit
1739 1444 1855 1478 neque
1879 1444 1953 1477 690,
1985 1433 2120 1469 editum
2141 1435 2184 1469 in
2208 1435 2359 1471 editione

704 1495 908 1530 Guiaciana
925 1494 1083 1529 secunda
1104 1493 1259 1538 indeque
1285 1505 1308 1527 a
1332 1504 1385 1527 me
1411 1493 1603 1537 repetitum,
1630 1491 1728 1526 adest
1752 1491 1791 1525 in
1808 1490 2018 1526 Pitlweanis
2037 1495 2129 1526 recte
2151 1492 2358 1528 collocatum

699 1552 747 1587 ad
774 1557 804 1596 5,
819 1556 881 1595 9,2
905 1555 991 1586 extr.

471 1611 502 1652 6,
517 1610 547 1652 2,
565 1610 608 1646 12
655 1614 685 1645 et
711 1610 874 1654 deinceps
898 1620 990 1653 quae
1015 1609 1058 1644 de
1085 1608 1165 1643 libri
1190 1608 1227 1643 R
1246 1608 1431 1652 principio
1458 1607 1631 1642 &itacius
1655 1606 1695 1640 in
1720 1605 1872 1641 editione
1897 1606 2013 1641 altera
2037 1607 2206 1651 protulit,
2238 1607 2359 1643 omnia

701 1678 744 1703 ex
769 1667 977 1703 Pithoeanis
1001 1667 1120 1702 venire
1144 1665 1331 1701 adnotatio
1354 1669 1483 1700 nostra
1507 1664 1667 1700 ostendit.

471 1725 604 1767 9,1,11
657 1726 694 1760 in
724 1726 1019 1770 inteipretatione
1043 1727 1125 1769 post
1158 1724 1349 1760 celebrata
1382 1723 1527 1757 addunt
1560 1734 1626 1768 per
1663 1721 1827 1757 ordinem
1859 1721 1924 1756 soli
1949 1720 2042 1766 quod
2070 1721 2182 1758 sciam
2205 1722 2298 1758 Pith.
2323 1726 2357 1759 et

704 1783 780 1818 Cui..
802 1787 898 1819 1586.

471 1842 503 1882 9,
523 1840 610 1882 1,18
657 1840 937 1876 additamentum
962 1839 1010 1874 ad
1034 1840 1138 1875 inser.
1163 1838 1325 1874 Maximo
1352 1839 1401 1884 pf.
1421 1851 1468 1884 p.,
1493 1839 1678 1873 inventum
1701 1837 1741 1871 in
1765 1837 1868 1872 nullo
1891 1836 2006 1872 codice
2029 1835 2130 1872 hodie
2153 1840 2250 1881 noto,
2277 1836 2358 1872 item

701 1902 749 1933 est
773 1902 804 1933 et
828 1898 869 1932 i‘n
895 1897 1106 1932 Pithoeanis
1131 1901 1163 1931 et
1187 1896 1287 1941 apud
1307 1896 1494 1932 Cuiacimn
1519 1900 1617 1932 1586.

471 1958 502 1996 9,
518 1956 549 1996 6,
564 1956 596 1995 3,
612 1956 633 1990 2
659 1955 859 1992 cuiuslibet
885 1955 1030 1999 domus]
1057 1954 1095 1989 in
1121 1953 1327 1998 quemlibet
1353 1953 1542 1989 dominum
1567 1952 1665 1987 Pith.
1683 1955 1715 1987 et
1734 1951 1811 1987 Cui.
1830 1956 1918 1988 1586
1943 1951 2020 1987 soli.

470 2015 502 2054 9,
517 2014 548 2055 8,
565 2014 626 2055 1,1
655 2016 740 2058 post
765 2013 841 2048 alia
867 2012 914 2047 ad
938 2013 1043 2047 inser.
1068 2011 1211 2046 addunt
1237 2012 1333 2046 Pith.
1352 2015 1382 2046 et
1401 2011 1480 2046 Cui.
1498 2015 1581 2047 1586
1604 2010 1678 2045 soli.

428 2094 528 2129 Haec
555 2096 595 2129 ut
622 2092 733 2129 facile
758 2093 1039 2139 intelleguntur,
1067 2092 1122 2128 ita
1148 2092 1270 2138 ipsum
1292 2094 1518 2138 apparatum
1542 2091 1640 2127 unde
1659 2090 1836 2126 Pithoeus
1854 2089 2112 2136 composuerit,
2138 2088 2356 2136 ambiguum

427 2154 492 2187 est.
544 2152 622 2197 Ego
646 2163 742 2196 quae
769 2150 1085 2196 deprehenderim.
1112 2150 1187 2186 iarn
1213 2150 1421 2196 explicabo.

463 2227 492 2262 1.
518 2227 549 2261 A
581 2225 803 2262 coniecturis
839 2226 1097 2262 aduotatorem
1131 2238 1204 2261 non
1237 2224 1460 2261 abstinuisse
1493 2224 1577 2260 inde
1610 2223 1783 2264 efficitur,
1816 2222 1913 2267 quod
1946 2221 2146 2267 aliquoties
2177 2221 2357 2258 lectiones

518 2284 735 2319 adferuntur
758 2284 960 2329 praemisso
987 2284 1168 2319 vocabulo
1194 2286 1295 2325 ἴσως,
1328 2286 1370 2318 ut
1396 2284 1426 2324 7,
1439 2283 1471 2323 4,
1485 2283 1517 2323 2,
1535 2283 1552 2317 1
1578 2282 1638 2316 uel
1661 2280 1796 2325 recens]
1821 2283 1887 2314 aut
1911 2279 2105 2314 ueruecina
2127 2300 2171 2305 —
2196 2280 2228 2321 9,
2242 2279 2274 2321 2,
2288 2279 2320 2323 3,
2335 2280 2358 2314 2

520 2342 711 2387 uinciatur]
744 2342 915 2377 <initiatur
945 2362 987 2367 -
1023 2343 1054 2383 9,
1072 2343 1102 2383 7,
1117 2343 1148 2384 9,
1164 2342 1185 2376 3
1214 2341 1292 2386 nec]
1324 2351 1367 2375 ize
1401 2361 1444 2365 —
1478 2339 1663 2381 9,16‚9‚4
1693 2337 1894 2382 inuiuisset]
1927 2336 2094 2372 tabuisset
2122 2337 2176 2372 vel
2202 2337 2266 2382 leq.
2299 2338 2357 2380 (ut

520 2401 595 2441 7,4,
612 2401 641 2441 1,
656 2400 691 2443 5)
715 2399 867 2434 uitiatae
890 2402 994 2444 atque
1015 2403 1214 2443 corruptae.
1256 2399 1327 2435 Sed
1352 2397 1438 2434 aliis
1463 2397 1554 2433 loc-is
1579 2396 1761 2432 vocabulo
1786 2407 1828 2431 eo
1853 2407 1926 2430 non
1951 2394 2153 2440 praemisso
2176 2393 2357 2431 lectiones

519 2456 731 2502 adscriptae
757 2461 843 2493 sunt
875 2460 911 2493 et
942 2456 1046 2502 ipsae
1073 2459 1203 2502 aperte
1229 2455 1516 2497 coniecturales,
1551 2456 1593 2490 ut
1625 2466 1647 2489 a
1672 2452 1778 2488 nobis
1802 2452 1841 2487 in
1866 2454 2056 2498 apparatu
2081 2451 2284 2488 adnotatae
2309 2451 2358 2487 ad

522 2514 705 2555 8,5‚14‚·2
731 2533 774 2539 -
802 2515 1030 2557 12,1,162,4
1055 2535 1098 2540 —-
1125 2515 1178 2558 13,
1196 2515 1270 2556 1‚5‚
1287 2515 1339 2550 10.

463 2578 493 2611 2.
522 2577 768 2613 Theodosiani
796 2577 932 2624 integri
957 2577 1072 2613 libros
1098 2579 1188 2613 duos
1213 2576 1419 2623 primarios.
1446 2577 1588 2610 nostros
1614 2574 1651 2609 R
1675 2576 1712 2610 et
1738 2573 1777 2615 V,
1803 2573 1982 2610 Pithoeus
2007 2575 2132 2609 noster
2155 2571 2358 2620 diligenter

523 2634 684 2670 contulit
715 2647 799 2669 cum
833 2634 1021 2680 impressis
1048 2647 1113 2671 nec
1146 2647 1228 2671 raro
1262 2634 1440 2671 lectiones
1472 2634 1557 2670 inde
1590 2634 1796 2669 adnotavit.
1852 2634 1907 2669 De
1939 2632 2066 2669 codice
2093 2633 2144 2674 R,
2177 2645 2287 2678 quem
2318 2633 2355 2669 in

521 2691 733 2737 praemissis
751 2691 829 2733 (ubi
854 2692 932 2727 eius
956 2692 1202 2737 alphabetum
1221 2691 1405 2737 depinxit)
1424 2691 1597 2736 appellat
1614 2690 1745 2736 Myrei,
1771 2689 1809 2725 id
1832 2691 1889 2725 est
1908 2690 2050 2733 Miraei,
2074 2689 2170 2726 alias
2186 2692 2358 2734 vetarem)

521 2749 579 2784 vel
604 2749 867 2791 authenticum,
901 2749 1057 2785 conferri
1089 2752 1280 2794 poterunt,
1315 2761 1408 2793 quac
1443 2747 1640 2784 attulimus
1671 2748 1718 2783 ad
1745 2745 1970 2793 principium
2001 2746 2089 2782 libri
2113 2747 2210 2783 sexti
2240 2749 2280 2784 et
2309 2748 2357 2784 ad

519 2806 551 2844 8,
569 2806 620 2845 14,
638 2806 672 2846 1;
707 2805 817 2850 plura
847 2808 972 2841 tamen
1002 2818 1073 2840 non
1108 2805 1203 2841 vidit
1236 2818 1347 2850 quam
1373 2817 1469 2849 quae
1502 2806 1701 2849 supersunt
1732 2815 1850 2849 neque
1881 2815 1989 2850 opem
2019 2804 2092 2839 fert
2122 2803 2357 2840 constitutio·

521 2862 629 2897 nibus
661 2861 698 2897 in
732 2862 917 2908 principio
948 2863 1043 2899 sexti
1075 2863 1162 2898 libri
1195 2866 1232 2898 et
1264 2863 1302 2897 in
1334 2862 1402 2897 fine
1434 2862 1560 2898 octavi
1594 2874 1616 2897 a
1641 2861 1793 2898 Cuiacio
1823 2862 1902 2897 solo
1934 2861 2164 2907 plenioribus
2189 2861 2287 2898 visis.
2312 2883 2356 2888 —

522 2919 692 2956 Codicem
720 2920 753 2954 V
774 2920 909 2956 diserte
939 2921 1007 2956 sub
1033 2920 1123 2955 Tilii
1153 2920 1298 2956 nomine
1331 2921 1485 2966 adlegat
1516 2923 1554 2956 et
1585 2919 1621 2954 in
1653 2919 1881 2965 praemissis,
1915 2918 1979 2954 ubi
2004 2919 2249 2965 alphabetum
2280 2918 2358 2955 eius

520 2977 718 3023 expressit,
751 2981 788 3013 et
814 2981 1009 3023 praeterea-
1033 2990 1104 3013 uno
1131 2978 1210 3013 loco
1237 2979 1282 3021 (9.
1298 2978 1327 3018 7,
1343 2978 1373 3018 3,
1391 2978 1427 3012 1:
1457 2977 1608 3012 ‘femina
1639 2981 1689 3012 est
1713 2978 1754 3011 in
1785 2976 1941 3021 dedice]
1959 2976 2059 3019 Titii,
2087 2976 2149 3012 sed
2171 2976 2358 3020 deletum’),

524 3034 615 3070 alibi
651 3038 707 3075 (ut
739 3037 770 3073 9.
785 3036 839 3077 45,
853 3036 924 3070 4.5
956 3056 999 3060 —
1033 3036 1084 3076 13,
1103 3036 1190 3077 1,10
1222 3055 1265 3060 -
1300 3036 1352 3076 14,
1367 3035 1454 3075 27,1
1483 3055 1525 3059 -
1554 3035 1725 3078 15,1,53)
1759 3034 1794 3070 ei
1826 3033 1965 3070 dicitur
1998 3035 2124 3079 2³(etus)
2156 3033 2266 3078 mlii)
2299 3033 2359 3068 vel

523 3094 579 3135 (ut
606 3092 727 3133 10‚‘20,
744 3093 800 3136 16)
824 3092 965 3137 effidem)
988 3093 1101 3137 Tatii)
1129 3093 1184 3128 vel
1213 3094 1269 3135 (ut
1296 3093 1477 3134 12,1,117
1504 3112 1549 3117 —
1577 3092 1628 3133 12,
1645 3093 1676 3133 6,
1690 3093 1748 3135 20)
1777 3092 1901 3136 rmus)
1925 3091 2032 3128 nude.
2072 3089 2360 3127 Constitutionis

523 3150 685 3185 Graecae
719 3151 751 3192 9,
769 3150 864 3191 45,4
896 3151 1040 3186 textum
1072 3150 1173 3195 apud
1206 3149 1345 3185 Tilium
1378 3161 1450 3184 non
1488 3149 1690 3194 diligenter
1723 3160 1934 3194 expressum
1969 3148 2146 3185 Pithoeus
2183 3149 2359 3183 accurate

525 3206 702 3241 exhibuit.

467 3263 498 3296 3.
525 3263 706 3299 Breviarii
733 3263 847 3299 libros
872 3264 996 3310 plures
1021 3276 1043 3300 a
1069 3264 1225 3301 Pithoeo
1251 3265 1443 3302 adhibitos
1469 3277 1547 3301 esse
1573 3268 1615 3301 ut
1640 3265 1759 3311 primo
1784 3265 1919 3301 obtutu
1945 3264 2121 3310 apparet,
2149 3261 2205 3300 ita
2228 3262 2360 3310 paucis

525 3320 615 3355 locis
640 3322 684 3364 (1,
700 3323 732 3363 5,
749 3323 770 3355 3
796 3341 837 3347 —
864 3323 891 3356 1.
909 3322 992 3363 16,1
1014 3341 1057 3348 -—-
1077 3323 1106 3363 1,
1121 3323 1208 3364 22‚1
1234 3343 1276 3348 ——
1300 3323 1428 3368 3‚1,6)
1455 3322 1631 3368 exceptis,
1657 3322 1721 3359 ubi
1747 3322 1924 3368 apposuit
1947 3321 2117 3358 litteram
2135 3321 2178 3362 P,
2203 3319 2277 3366 ipsi
2293 3319 2359 3366 qui

530 3377 678 3421 fuerint,
704 3379 924 3416 nominatim
951 3391 1022 3415 non
1049 3378 1273 3422 enuntiatur,
1299 3391 1345 3416 ne
1370 3379 1423 3416 ibi
1442 3379 1591 3425 quidem
1618 3379 1681 3416 ubi
1707 3380 1832 3425 plures
1855 3378 2090 3425 reperiuntur
2114 3377 2358 3424 compositae:
