<?xml version="1.0" encoding="UTF-8"?>
<!DOCTYPE html PUBLIC "-//W3C//DTD XHTML 1.0 Transitional//EN"
    "http://www.w3.org/TR/xhtml1/DTD/xhtml1-transitional.dtd">
<html xmlns="http://www.w3.org/1999/xhtml" xml:lang="en" lang="en">
 <head>
  <title>
</title>
<meta http-equiv="Content-Type" content="text/html;charset=utf-8" />
  <meta name='ocr-system' content='tesseract 3.04.00' />
  <meta name='ocr-capabilities' content='ocr_page ocr_carea ocr_par ocr_line ocrx_word'/>
</head>
<body>
  <div class='ocr_page' id='page_1' title='image "./theodosianilibri00codeuoft_0067.png"; bbox 0 0 2501 3615; ppageno 0'>
   <div class='ocr_carea' id='block_1_1' title="bbox 1000 163 1261 198">
    <p class='ocr_par' dir='ltr' id='par_1_1' title="bbox 1000 163 1261 198">
     <span class='ocr_line' id='line_1_1' title="bbox 1000 163 1261 198; baseline 0.004 -1"><span class='ocrx_word' id='word_1_1' title='bbox 1000 163 1261 198; x_wconf 90' lang='lat' dir='ltr'>—LXI—</span> 
     </span>
    </p>
   </div>
   <div class='ocr_carea' id='block_1_2' title="bbox 163 265 2094 3428">
    <p class='ocr_par' dir='ltr' id='par_1_2' title="bbox 165 265 2092 545">
     <span class='ocr_line' id='line_1_2' title="bbox 167 265 2092 315; baseline 0.002 -13"><span class='ocrx_word' id='word_1_2' title='bbox 167 268 363 312; x_wconf 85' lang='lat' dir='ltr'>adsumpta</span> <span class='ocrx_word' id='word_1_3' title='bbox 402 265 516 302; x_wconf 81' lang='lat' dir='ltr'>etiam</span> <span class='ocrx_word' id='word_1_4' title='bbox 547 265 684 301; x_wconf 80' lang='lat' dir='ltr'>Auiani</span> <span class='ocrx_word' id='word_1_5' title='bbox 719 266 1039 312; x_wconf 73' lang='lat' dir='ltr'>interpretatione.</span> <span class='ocrx_word' id='word_1_6' title='bbox 1094 268 1158 304; x_wconf 83' lang='lat' dir='ltr'>Est</span> <span class='ocrx_word' id='word_1_7' title='bbox 1190 268 1228 303; x_wconf 93' lang='lat' dir='ltr'>id</span> <span class='ocrx_word' id='word_1_8' title='bbox 1260 268 1356 304; x_wconf 82' lang='lat' dir='ltr'>inter</span> <span class='ocrx_word' id='word_1_9' title='bbox 1381 268 1564 314; x_wconf 84' lang='lat' dir='ltr'>‘antiqua&#39;</span> <span class='ocrx_word' id='word_1_10' title='bbox 1593 269 1756 315; x_wconf 82' lang='lat' dir='ltr'>corporis</span> <span class='ocrx_word' id='word_1_11' title='bbox 1788 270 2092 307; x_wconf 81' lang='lat' dir='ltr'>Recessuindiani</span> 
     </span>
     <span class='ocr_line' id='line_1_3' title="bbox 168 323 2090 374; baseline 0.002 -14"><span class='ocrx_word' id='word_1_12' title='bbox 168 325 335 369; x_wconf 85' lang='lat' dir='ltr'>profecta</span> <span class='ocrx_word' id='word_1_13' title='bbox 353 323 474 359; x_wconf 87' lang='lat' dir='ltr'>indice</span> <span class='ocrx_word' id='word_1_14' title='bbox 493 323 666 359; x_wconf 89' lang='lat' dir='ltr'>Zeumero</span> <span class='ocrx_word' id='word_1_15' title='bbox 691 336 734 358; x_wconf 81' lang='lat' dir='ltr'>ex</span> <span class='ocrx_word' id='word_1_16' title='bbox 753 325 962 360; x_wconf 70' lang='lat' dir='ltr'>recensione</span> <span class='ocrx_word' id='word_1_17' title='bbox 981 326 1144 371; x_wconf 76' lang='lat' dir='ltr'>corporis</span> <span class='ocrx_word' id='word_1_18' title='bbox 1167 326 1246 361; x_wconf 82' lang='lat' dir='ltr'>eius</span> <span class='ocrx_word' id='word_1_19' title='bbox 1264 326 1458 372; x_wconf 82' lang='lat' dir='ltr'>publicata</span> <span class='ocrx_word' id='word_1_20' title='bbox 1484 338 1506 362; x_wconf 85' lang='lat' dir='ltr'>a</span> <span class='ocrx_word' id='word_1_21' title='bbox 1530 338 1615 373; x_wconf 82' lang='lat' dir='ltr'>rege</span> <span class='ocrx_word' id='word_1_22' title='bbox 1634 327 1849 374; x_wconf 85' lang='lat' dir='ltr'>Leovigildo</span> <span class='ocrx_word' id='word_1_23' title='bbox 1869 330 2090 373; x_wconf 65' lang='grc'>(567-586).</span> 
     </span>
     <span class='ocr_line' id='line_1_4' title="bbox 165 380 2091 431; baseline 0.003 -15"><span class='ocrx_word' id='word_1_24' title='bbox 165 382 235 417; x_wconf 85' lang='lat' dir='ltr'>Sed</span> <span class='ocrx_word' id='word_1_25' title='bbox 267 380 446 417; x_wconf 86' lang='lat' dir='ltr'>eiusmodi</span> <span class='ocrx_word' id='word_1_26' title='bbox 479 384 656 426; x_wconf 82' lang='lat' dir='ltr'>excerpta</span> <span class='ocrx_word' id='word_1_27' title='bbox 687 385 722 417; x_wconf 87' lang='lat' dir='ltr'>et</span> <span class='ocrx_word' id='word_1_28' title='bbox 755 381 835 427; x_wconf 82' lang='lat' dir='ltr'>ipsa</span> <span class='ocrx_word' id='word_1_29' title='bbox 868 394 948 418; x_wconf 81' lang='lat' dir='ltr'>rara</span> <span class='ocrx_word' id='word_1_30' title='bbox 976 387 1060 418; x_wconf 81' lang='lat' dir='ltr'>sunt</span> <span class='ocrx_word' id='word_1_31' title='bbox 1089 386 1127 419; x_wconf 88' lang='lat' dir='ltr'>et</span> <span class='ocrx_word' id='word_1_32' title='bbox 1153 387 1249 419; x_wconf 87' lang='lat' dir='ltr'>certe</span> <span class='ocrx_word' id='word_1_33' title='bbox 1277 396 1298 419; x_wconf 83' lang='lat' dir='ltr'>a</span> <span class='ocrx_word' id='word_1_34' title='bbox 1324 385 1581 420; x_wconf 84' lang='lat' dir='ltr'>Theodosiano</span> <span class='ocrx_word' id='word_1_35' title='bbox 1607 384 1753 431; x_wconf 85' lang='lat' dir='ltr'>integro</span> <span class='ocrx_word' id='word_1_36' title='bbox 1780 386 1912 422; x_wconf 81' lang='lat' dir='ltr'>aliena.</span> <span class='ocrx_word' id='word_1_37' title='bbox 1961 387 2091 422; x_wconf 85' lang='lat' dir='ltr'>Nihilo</span> 
     </span>
     <span class='ocr_line' id='line_1_5' title="bbox 166 438 2089 488; baseline 0.003 -14"><span class='ocrx_word' id='word_1_38' title='bbox 166 439 285 474; x_wconf 85' lang='lat' dir='ltr'>minus</span> <span class='ocrx_word' id='word_1_39' title='bbox 311 438 473 484; x_wconf 85' lang='lat' dir='ltr'>corporis</span> <span class='ocrx_word' id='word_1_40' title='bbox 499 439 803 474; x_wconf 80' lang='lat' dir='ltr'>Recessuindiani</span> <span class='ocrx_word' id='word_1_41' title='bbox 836 440 1138 479; x_wconf 80' lang='lat' dir='ltr'>constitutiones,</span> <span class='ocrx_word' id='word_1_42' title='bbox 1173 454 1267 485; x_wconf 83' lang='lat' dir='ltr'>qnae</span> <span class='ocrx_word' id='word_1_43' title='bbox 1297 442 1445 487; x_wconf 86' lang='lat' dir='ltr'>quidem</span> <span class='ocrx_word' id='word_1_44' title='bbox 1476 444 1605 488; x_wconf 79' lang='lat' dir='ltr'>aperte</span> <span class='ocrx_word' id='word_1_45' title='bbox 1636 443 1825 488; x_wconf 88' lang='lat' dir='ltr'>pendeant</span> <span class='ocrx_word' id='word_1_46' title='bbox 1857 455 1899 478; x_wconf 89' lang='lat' dir='ltr'>cx</span> <span class='ocrx_word' id='word_1_47' title='bbox 1927 443 2089 479; x_wconf 86' lang='lat' dir='ltr'>Theodo-</span> 
     </span>
     <span class='ocr_line' id='line_1_6' title="bbox 165 499 896 545; baseline -0.001 -11"><span class='ocrx_word' id='word_1_48' title='bbox 165 499 280 540; x_wconf 87' lang='lat' dir='ltr'>siano,</span> <span class='ocrx_word' id='word_1_49' title='bbox 306 510 371 534; x_wconf 87' lang='lat' dir='ltr'>suo</span> <span class='ocrx_word' id='word_1_50' title='bbox 396 510 580 542; x_wconf 87' lang='lat' dir='ltr'>quamque</span> <span class='ocrx_word' id='word_1_51' title='bbox 606 499 686 534; x_wconf 89' lang='lat' dir='ltr'>loco</span> <span class='ocrx_word' id='word_1_52' title='bbox 712 499 896 545; x_wconf 80' lang='lat' dir='ltr'>adlegavi.</span> 
     </span>
    </p>

    <p class='ocr_par' dir='ltr' id='par_1_3' title="bbox 163 556 2094 2447">
     <span class='ocr_line' id='line_1_7' title="bbox 282 556 2089 607; baseline 0.003 -16"><span class='ocrx_word' id='word_1_53' title='bbox 282 557 361 591; x_wconf 89' lang='lat' dir='ltr'>VII.</span> <span class='ocrx_word' id='word_1_54' title='bbox 397 556 472 592; x_wconf 81' lang='lat' dir='ltr'>Lex</span> <span class='ocrx_word' id='word_1_55' title='bbox 490 556 792 601; x_wconf 80' lang='lat' dir='ltr'>Burgundionum</span> <span class='ocrx_word' id='word_1_56' title='bbox 811 557 1039 598; x_wconf 83' lang='lat' dir='ltr'>Germanica,</span> <span class='ocrx_word' id='word_1_57' title='bbox 1066 557 1210 593; x_wconf 76' lang='lat' dir='ltr'>scilicet</span> <span class='ocrx_word' id='word_1_58' title='bbox 1234 559 1318 593; x_wconf 79' lang='lat' dir='ltr'>liber</span> <span class='ocrx_word' id='word_1_59' title='bbox 1335 560 1626 594; x_wconf 72' lang='lat' dir='ltr'>constitutionum</span> <span class='ocrx_word' id='word_1_60' title='bbox 1643 571 1770 605; x_wconf 87' lang='lat' dir='ltr'>regum</span> <span class='ocrx_word' id='word_1_61' title='bbox 1787 560 2089 607; x_wconf 82' lang='lat' dir='ltr'>Burgundionum</span> 
     </span>
     <span class='ocr_line' id='line_1_8' title="bbox 166 613 2092 664; baseline 0.002 -14"><span class='ocrx_word' id='word_1_62' title='bbox 166 613 336 658; x_wconf 85' lang='lat' dir='ltr'>(adhibui</span> <span class='ocrx_word' id='word_1_63' title='bbox 367 613 578 653; x_wconf 76' lang='lat' dir='ltr'>editionem,</span> <span class='ocrx_word' id='word_1_64' title='bbox 610 627 720 658; x_wconf 82' lang='lat' dir='ltr'>qnam</span> <span class='ocrx_word' id='word_1_65' title='bbox 747 614 892 650; x_wconf 85' lang='lat' dir='ltr'>curavit</span> <span class='ocrx_word' id='word_1_66' title='bbox 917 615 1006 650; x_wconf 91' lang='lat' dir='ltr'>Lnd.</span> <span class='ocrx_word' id='word_1_67' title='bbox 1025 615 1118 649; x_wconf 88' lang='lat' dir='ltr'>Rud.</span> <span class='ocrx_word' id='word_1_68' title='bbox 1145 615 1189 649; x_wconf 89' lang='lat' dir='ltr'>de</span> <span class='ocrx_word' id='word_1_69' title='bbox 1215 615 1325 657; x_wconf 79' lang='lat' dir='ltr'>Salis,</span> <span class='ocrx_word' id='word_1_70' title='bbox 1352 617 1432 651; x_wconf 65' lang='lat' dir='ltr'>Mu.</span> <span class='ocrx_word' id='word_1_71' title='bbox 1457 617 1553 661; x_wconf 77' lang='lat' dir='ltr'>legg.</span> <span class='ocrx_word' id='word_1_72' title='bbox 1578 620 1654 653; x_wconf 86' lang='lat' dir='ltr'>nat.</span> <span class='ocrx_word' id='word_1_73' title='bbox 1680 620 1765 652; x_wconf 89' lang='lat' dir='ltr'>tom.</span> <span class='ocrx_word' id='word_1_74' title='bbox 1787 619 1821 652; x_wconf 93' lang='lat' dir='ltr'>II</span> <span class='ocrx_word' id='word_1_75' title='bbox 1846 630 1932 664; x_wconf 84' lang='lat' dir='ltr'>pars</span> <span class='ocrx_word' id='word_1_76' title='bbox 1959 620 1988 663; x_wconf 96' lang='grc' dir='ltr'>Ι)</span> <span class='ocrx_word' id='word_1_77' title='bbox 2013 619 2092 655; x_wconf 85' lang='lat' dir='ltr'>sive</span> 
     </span>
     <span class='ocr_line' id='line_1_9' title="bbox 165 671 2090 721; baseline 0.003 -15"><span class='ocrx_word' id='word_1_78' title='bbox 165 671 225 707; x_wconf 86' lang='lat' dir='ltr'>lex</span> <span class='ocrx_word' id='word_1_79' title='bbox 248 671 497 711; x_wconf 86' lang='lat' dir='ltr'>Gundobada,</span> <span class='ocrx_word' id='word_1_80' title='bbox 530 673 701 707; x_wconf 81' lang='lat' dir='ltr'>confecta</span> <span class='ocrx_word' id='word_1_81' title='bbox 726 675 884 707; x_wconf 68' lang='lat' dir='ltr'>auctare</span> <span class='ocrx_word' id='word_1_82' title='bbox 915 673 982 707; x_wconf 88' lang='lat' dir='ltr'>sub</span> <span class='ocrx_word' id='word_1_83' title='bbox 1008 672 1157 717; x_wconf 85' lang='lat' dir='ltr'>regibus</span> <span class='ocrx_word' id='word_1_84' title='bbox 1182 672 1413 708; x_wconf 81' lang='lat' dir='ltr'>Gundobado</span> <span class='ocrx_word' id='word_1_85' title='bbox 1439 677 1474 717; x_wconf 86' lang='lat'>(†</span> <span class='ocrx_word' id='word_1_86' title='bbox 1499 676 1579 718; x_wconf 72' lang='grc'>516)</span> <span class='ocrx_word' id='word_1_87' title='bbox 1611 678 1649 711; x_wconf 88' lang='lat' dir='ltr'>et</span> <span class='ocrx_word' id='word_1_88' title='bbox 1673 675 1908 721; x_wconf 86' lang='lat' dir='ltr'>Sigismundo</span> <span class='ocrx_word' id='word_1_89' title='bbox 1941 678 1975 719; x_wconf 90' lang='lat'>(†</span> <span class='ocrx_word' id='word_1_90' title='bbox 1998 678 2090 721; x_wconf 80' lang='grc'>523),</span> 
     </span>
     <span class='ocr_line' id='line_1_10' title="bbox 166 729 2091 777; baseline 0.003 -13"><span class='ocrx_word' id='word_1_91' title='bbox 166 731 315 775; x_wconf 89' lang='lat' dir='ltr'>praeter</span> <span class='ocrx_word' id='word_1_92' title='bbox 345 729 459 764; x_wconf 89' lang='lat' dir='ltr'>dubia</span> <span class='ocrx_word' id='word_1_93' title='bbox 489 729 671 774; x_wconf 80' lang='lat' dir='ltr'>quaedam</span> <span class='ocrx_word' id='word_1_94' title='bbox 699 730 780 772; x_wconf 74' lang='lat' dir='ltr'>(Th.</span> <span class='ocrx_word' id='word_1_95' title='bbox 799 730 830 771; x_wconf 89' lang='grc'>2,</span> <span class='ocrx_word' id='word_1_96' title='bbox 845 730 900 772; x_wconf 88' lang='lat'>30,</span> <span class='ocrx_word' id='word_1_97' title='bbox 918 731 933 764; x_wconf 97' lang='lat'>1</span> <span class='ocrx_word' id='word_1_98' title='bbox 955 745 996 758; x_wconf 92' lang='lat'>=</span> <span class='ocrx_word' id='word_1_99' title='bbox 1014 730 1125 774; x_wconf 80' lang='lat' dir='ltr'>Burg.</span> <span class='ocrx_word' id='word_1_100' title='bbox 1148 730 1230 771; x_wconf 71' lang='lat'>105;</span> <span class='ocrx_word' id='word_1_101' title='bbox 1263 731 1331 765; x_wconf 94' lang='lat' dir='ltr'>Th.</span> <span class='ocrx_word' id='word_1_102' title='bbox 1350 732 1381 772; x_wconf 79' lang='grc'>4,</span> <span class='ocrx_word' id='word_1_103' title='bbox 1395 733 1427 772; x_wconf 92' lang='grc'>4,</span> <span class='ocrx_word' id='word_1_104' title='bbox 1444 733 1458 766; x_wconf 98' lang='lat'>1</span> <span class='ocrx_word' id='word_1_105' title='bbox 1481 748 1522 761; x_wconf 73' lang='lat'>:-</span> <span class='ocrx_word' id='word_1_106' title='bbox 1541 733 1650 777; x_wconf 88' lang='lat' dir='ltr'>Burg.</span> <span class='ocrx_word' id='word_1_107' title='bbox 1668 734 1723 774; x_wconf 77' lang='lat'>43,</span> <span class='ocrx_word' id='word_1_108' title='bbox 1741 735 1775 775; x_wconf 79' lang='lat'>13</span> <span class='ocrx_word' id='word_1_109' title='bbox 1809 733 1876 768; x_wconf 87' lang='lat' dir='ltr'>Th.</span> <span class='ocrx_word' id='word_1_110' title='bbox 1893 735 1925 773; x_wconf 79' lang='lat'>4.</span> <span class='ocrx_word' id='word_1_111' title='bbox 1943 735 1994 775; x_wconf 93' lang='lat'>11,</span> <span class='ocrx_word' id='word_1_112' title='bbox 2009 736 2030 769; x_wconf 83' lang='lat'>2</span> <span class='ocrx_word' id='word_1_113' title='bbox 2050 751 2091 764; x_wconf 90' lang='lat'><strong><em>=</em></strong></span> 
     </span>
     <span class='ocr_line' id='line_1_11' title="bbox 164 786 2091 833; baseline 0.003 -12"><span class='ocrx_word' id='word_1_114' title='bbox 164 786 276 832; x_wconf 88' lang='lat' dir='ltr'>Burg.</span> <span class='ocrx_word' id='word_1_115' title='bbox 293 787 348 828; x_wconf 90' lang='lat'>40,</span> <span class='ocrx_word' id='word_1_116' title='bbox 361 787 396 829; x_wconf 91' lang='grc'>2)</span> <span class='ocrx_word' id='word_1_117' title='bbox 423 786 591 822; x_wconf 86' lang='lat' dir='ltr'>continet</span> <span class='ocrx_word' id='word_1_118' title='bbox 617 787 690 822; x_wconf 81' lang='lat' dir='ltr'>iam</span> <span class='ocrx_word' id='word_1_119' title='bbox 718 788 753 822; x_wconf 90' lang='lat' dir='ltr'>in</span> <span class='ocrx_word' id='word_1_120' title='bbox 781 790 888 833; x_wconf 86' lang='lat' dir='ltr'>parte</span> <span class='ocrx_word' id='word_1_121' title='bbox 909 787 1109 823; x_wconf 85' lang='lat' dir='ltr'>vetustiore</span> <span class='ocrx_word' id='word_1_122' title='bbox 1135 788 1233 823; x_wconf 88' lang='lat' dir='ltr'>locos</span> <span class='ocrx_word' id='word_1_123' title='bbox 1259 789 1436 832; x_wconf 82' lang='lat' dir='ltr'>quosdam</span> <span class='ocrx_word' id='word_1_124' title='bbox 1463 789 1612 825; x_wconf 88' lang='lat' dir='ltr'>omnino</span> <span class='ocrx_word' id='word_1_125' title='bbox 1637 791 1684 826; x_wconf 86' lang='lat' dir='ltr'>ad</span> <span class='ocrx_word' id='word_1_126' title='bbox 1711 791 1874 827; x_wconf 81' lang='lat' dir='ltr'>codicem</span> <span class='ocrx_word' id='word_1_127' title='bbox 1892 791 2091 828; x_wconf 76' lang='lat' dir='ltr'>Theodosii</span> 
     </span>
     <span class='ocr_line' id='line_1_12' title="bbox 167 843 2091 894; baseline 0.003 -15"><span class='ocrx_word' id='word_1_128' title='bbox 167 843 408 889; x_wconf 81' lang='lat' dir='ltr'>respicientes</span> <span class='ocrx_word' id='word_1_129' title='bbox 441 844 523 886; x_wconf 72' lang='lat' dir='ltr'>(Th.</span> <span class='ocrx_word' id='word_1_130' title='bbox 541 846 573 884; x_wconf 75' lang='lat'>3,</span> <span class='ocrx_word' id='word_1_131' title='bbox 589 846 619 883; x_wconf 68' lang='grc'>8,</span> <span class='ocrx_word' id='word_1_132' title='bbox 634 846 654 879; x_wconf 98' lang='grc'>2</span> <span class='ocrx_word' id='word_1_133' title='bbox 678 860 719 873; x_wconf 89' lang='lat'>=</span> <span class='ocrx_word' id='word_1_134' title='bbox 740 846 849 891; x_wconf 87' lang='lat' dir='ltr'>Burg.</span> <span class='ocrx_word' id='word_1_135' title='bbox 867 846 921 886; x_wconf 84' lang='grc'>24,</span> <span class='ocrx_word' id='word_1_136' title='bbox 938 846 967 880; x_wconf 92' lang='grc'>1.</span> <span class='ocrx_word' id='word_1_137' title='bbox 986 846 1023 885; x_wconf 92' lang='grc'>2;</span> <span class='ocrx_word' id='word_1_138' title='bbox 1055 845 1123 879; x_wconf 87' lang='lat' dir='ltr'>Th.</span> <span class='ocrx_word' id='word_1_139' title='bbox 1141 846 1173 886; x_wconf 68' lang='lat'>23,</span> <span class='ocrx_word' id='word_1_140' title='bbox 1196 846 1247 886; x_wconf 87' lang='grc'>16,</span> <span class='ocrx_word' id='word_1_141' title='bbox 1265 847 1279 880; x_wconf 97' lang='grc'>1</span> <span class='ocrx_word' id='word_1_142' title='bbox 1303 861 1343 874; x_wconf 89' lang='lat'><strong><em>=</em></strong></span> <span class='ocrx_word' id='word_1_143' title='bbox 1363 846 1474 890; x_wconf 77' lang='lat' dir='ltr'>Burg.</span> <span class='ocrx_word' id='word_1_144' title='bbox 1492 848 1547 888; x_wconf 68' lang='lat'>134,</span> <span class='ocrx_word' id='word_1_145' title='bbox 1561 848 1592 882; x_wconf 75' lang='grc'>3.</span> <span class='ocrx_word' id='word_1_146' title='bbox 1611 849 1648 887; x_wconf 86' lang='grc'>4;</span> <span class='ocrx_word' id='word_1_147' title='bbox 1681 848 1748 882; x_wconf 88' lang='lat' dir='ltr'>Th.</span> <span class='ocrx_word' id='word_1_148' title='bbox 1766 849 1798 889; x_wconf 83' lang='lat'>4,</span> <span class='ocrx_word' id='word_1_149' title='bbox 1813 849 1864 890; x_wconf 90' lang='lat'>11,</span> <span class='ocrx_word' id='word_1_150' title='bbox 1884 850 1899 884; x_wconf 96' lang='lat'>1</span> <span class='ocrx_word' id='word_1_151' title='bbox 1921 864 1962 878; x_wconf 87' lang='lat'>=</span> <span class='ocrx_word' id='word_1_152' title='bbox 1980 849 2091 894; x_wconf 78' lang='lat' dir='ltr'>Burg.</span> 
     </span>
     <span class='ocr_line' id='line_1_13' title="bbox 165 901 2092 950; baseline 0.002 -14"><span class='ocrx_word' id='word_1_153' title='bbox 165 901 220 943; x_wconf 85' lang='lat'>40,</span> <span class='ocrx_word' id='word_1_154' title='bbox 236 902 272 942; x_wconf 92' lang='lat'>1;</span> <span class='ocrx_word' id='word_1_155' title='bbox 299 901 366 936; x_wconf 87' lang='lat' dir='ltr'>Th.</span> <span class='ocrx_word' id='word_1_156' title='bbox 385 902 416 939; x_wconf 82' lang='grc'>9,</span> <span class='ocrx_word' id='word_1_157' title='bbox 433 902 520 942; x_wconf 84' lang='grc'>24,1</span> <span class='ocrx_word' id='word_1_158' title='bbox 542 917 584 931; x_wconf 76' lang='lat'>:-</span> <span class='ocrx_word' id='word_1_159' title='bbox 602 902 713 947; x_wconf 85' lang='lat' dir='ltr'>Burg.</span> <span class='ocrx_word' id='word_1_160' title='bbox 734 903 785 942; x_wconf 82' lang='lat'>12,</span> <span class='ocrx_word' id='word_1_161' title='bbox 799 904 845 945; x_wconf 76' lang='grc'>5).</span> <span class='ocrx_word' id='word_1_162' title='bbox 871 921 915 927; x_wconf 93' lang='grc'>-</span> <span class='ocrx_word' id='word_1_163' title='bbox 937 902 1066 937; x_wconf 79' lang='lat' dir='ltr'>Altera</span> <span class='ocrx_word' id='word_1_164' title='bbox 1091 902 1150 937; x_wconf 84' lang='lat' dir='ltr'>lex</span> <span class='ocrx_word' id='word_1_165' title='bbox 1167 902 1482 947; x_wconf 80' lang='lat' dir='ltr'>Burgundionum,</span> <span class='ocrx_word' id='word_1_166' title='bbox 1509 916 1531 938; x_wconf 89' lang='lat' dir='ltr'>a</span> <span class='ocrx_word' id='word_1_167' title='bbox 1550 904 1779 940; x_wconf 86' lang='lat' dir='ltr'>Gundobado</span> <span class='ocrx_word' id='word_1_168' title='bbox 1805 905 1871 940; x_wconf 89' lang='lat' dir='ltr'>illo</span> <span class='ocrx_word' id='word_1_169' title='bbox 1897 905 1934 940; x_wconf 92' lang='lat' dir='ltr'>in</span> <span class='ocrx_word' id='word_1_170' title='bbox 1961 905 2092 950; x_wconf 88' lang='lat' dir='ltr'>prioris</span> 
     </span>
     <span class='ocr_line' id='line_1_14' title="bbox 165 957 2093 1006; baseline 0.002 -13"><span class='ocrx_word' id='word_1_171' title='bbox 165 957 260 1004; x_wconf 90' lang='lat' dir='ltr'>legis</span> <span class='ocrx_word' id='word_1_172' title='bbox 284 958 435 994; x_wconf 83' lang='lat' dir='ltr'>exordio</span> <span class='ocrx_word' id='word_1_173' title='bbox 461 957 604 994; x_wconf 85' lang='lat' dir='ltr'>civibus</span> <span class='ocrx_word' id='word_1_174' title='bbox 630 957 806 993; x_wconf 85' lang='lat' dir='ltr'>Romanis</span> <span class='ocrx_word' id='word_1_175' title='bbox 831 958 869 993; x_wconf 93' lang='lat' dir='ltr'>in</span> <span class='ocrx_word' id='word_1_176' title='bbox 887 958 1103 1004; x_wconf 75' lang='lat' dir='ltr'>Burgundio.</span> <span class='ocrx_word' id='word_1_177' title='bbox 1129 959 1351 1005; x_wconf 83' lang='lat' dir='ltr'>degentibus</span> <span class='ocrx_word' id='word_1_178' title='bbox 1377 960 1556 1004; x_wconf 84' lang='lat' dir='ltr'>promissa</span> <span class='ocrx_word' id='word_1_179' title='bbox 1583 962 1711 1006; x_wconf 87' lang='lat' dir='ltr'>(praef.</span> <span class='ocrx_word' id='word_1_180' title='bbox 1730 962 1767 996; x_wconf 69' lang='grc' dir='ltr'>ὃς</span> <span class='ocrx_word' id='word_1_181' title='bbox 1793 962 1884 997; x_wconf 75' lang='lat' dir='ltr'>inter</span> <span class='ocrx_word' id='word_1_182' title='bbox 1911 963 2093 998; x_wconf 75' lang='lat' dir='ltr'>Romanos</span> 
     </span>
     <span class='ocr_line' id='line_1_15' title="bbox 166 1015 2093 1064; baseline 0.002 -14"><span class='ocrx_word' id='word_1_183' title='bbox 166 1042 175 1050; x_wconf 92' lang='lat'>.</span> <span class='ocrx_word' id='word_1_184' title='bbox 194 1043 201 1050; x_wconf 95' lang='lat'>.</span> <span class='ocrx_word' id='word_1_185' title='bbox 221 1043 228 1050; x_wconf 94' lang='lat'>.</span> <span class='ocrx_word' id='word_1_186' title='bbox 255 1016 429 1052; x_wconf 77' lang='lat' dir='ltr'>Roman-is</span> <span class='ocrx_word' id='word_1_187' title='bbox 459 1016 591 1062; x_wconf 71' lang='lat' dir='ltr'>lcqibus</span> <span class='ocrx_word' id='word_1_188' title='bbox 615 1015 858 1059; x_wconf 66' lang='lat' dir='ltr'>1naecipimaecs</span> <span class='ocrx_word' id='word_1_189' title='bbox 890 1015 1059 1059; x_wconf 61' lang='lat' dir='ltr'>imficari,</span> <span class='ocrx_word' id='word_1_190' title='bbox 1095 1016 1157 1060; x_wconf 74' lang='lat' dir='ltr'>qui</span> <span class='ocrx_word' id='word_1_191' title='bbox 1189 1017 1341 1058; x_wconf 74' lang='lat' dir='ltr'>formum</span> <span class='ocrx_word' id='word_1_192' title='bbox 1373 1021 1403 1052; x_wconf 81' lang='lat' dir='ltr'>et</span> <span class='ocrx_word' id='word_1_193' title='bbox 1434 1018 1682 1061; x_wconf 66' lang='lat' dir='ltr'>eoeposicionem.</span> <span class='ocrx_word' id='word_1_194' title='bbox 1715 1019 1828 1063; x_wconf 67' lang='lat' dir='ltr'>lessam</span> <span class='ocrx_word' id='word_1_195' title='bbox 1861 1021 2093 1064; x_wconf 65' lang='lat' dir='ltr'>conscriptam</span> 
     </span>
     <span class='ocr_line' id='line_1_16' title="bbox 164 1073 2093 1123; baseline 0.004 -15"><span class='ocrx_word' id='word_1_196' title='bbox 164 1074 317 1118; x_wconf 74' lang='lat' dir='ltr'>qualiter</span> <span class='ocrx_word' id='word_1_197' title='bbox 342 1074 510 1117; x_wconf 72' lang='lat' dir='ltr'>indicent,</span> <span class='ocrx_word' id='word_1_198' title='bbox 536 1084 572 1108; x_wconf 83' lang='lat' dir='ltr'>se</span> <span class='ocrx_word' id='word_1_199' title='bbox 596 1073 758 1107; x_wconf 32' lang='lat' dir='ltr'>*noverint</span> <span class='ocrx_word' id='word_1_200' title='bbox 784 1076 996 1117; x_wconf 75' lang='lat' dir='ltr'>accepturos)</span> <span class='ocrx_word' id='word_1_201' title='bbox 1022 1076 1061 1109; x_wconf 88' lang='lat' dir='ltr'>et</span> <span class='ocrx_word' id='word_1_202' title='bbox 1084 1073 1123 1108; x_wconf 91' lang='lat' dir='ltr'>in</span> <span class='ocrx_word' id='word_1_203' title='bbox 1149 1074 1275 1109; x_wconf 83' lang='lat' dir='ltr'>ordine</span> <span class='ocrx_word' id='word_1_204' title='bbox 1301 1074 1494 1110; x_wconf 88' lang='lat' dir='ltr'>titulorum</span> <span class='ocrx_word' id='word_1_205' title='bbox 1520 1075 1773 1111; x_wconf 82' lang='lat' dir='ltr'>Gundobadae</span> <span class='ocrx_word' id='word_1_206' title='bbox 1798 1079 1931 1122; x_wconf 86' lang='lat' dir='ltr'>aptata</span> <span class='ocrx_word' id='word_1_207' title='bbox 1956 1079 2093 1123; x_wconf 84' lang='lat' dir='ltr'>pendet</span> 
     </span>
     <span class='ocr_line' id='line_1_17' title="bbox 166 1130 2093 1177; baseline 0.002 -11"><span class='ocrx_word' id='word_1_208' title='bbox 166 1143 210 1167; x_wconf 80' lang='lat' dir='ltr'>ex</span> <span class='ocrx_word' id='word_1_209' title='bbox 235 1131 364 1167; x_wconf 89' lang='lat' dir='ltr'>iisdem</span> <span class='ocrx_word' id='word_1_210' title='bbox 390 1131 497 1167; x_wconf 89' lang='lat' dir='ltr'>libris</span> <span class='ocrx_word' id='word_1_211' title='bbox 521 1131 647 1177; x_wconf 90' lang='lat' dir='ltr'>legum</span> <span class='ocrx_word' id='word_1_212' title='bbox 672 1132 710 1166; x_wconf 89' lang='lat' dir='ltr'>et</span> <span class='ocrx_word' id='word_1_213' title='bbox 734 1130 834 1172; x_wconf 90' lang='lat' dir='ltr'>iuris,</span> <span class='ocrx_word' id='word_1_214' title='bbox 859 1131 992 1175; x_wconf 90' lang='lat' dir='ltr'>quibus</span> <span class='ocrx_word' id='word_1_215' title='bbox 1016 1130 1072 1165; x_wconf 88' lang='lat' dir='ltr'>usi</span> <span class='ocrx_word' id='word_1_216' title='bbox 1089 1133 1177 1165; x_wconf 88' lang='lat' dir='ltr'>sunt</span> <span class='ocrx_word' id='word_1_217' title='bbox 1193 1131 1283 1166; x_wconf 88' lang='lat' dir='ltr'>iuris</span> <span class='ocrx_word' id='word_1_218' title='bbox 1300 1132 1499 1177; x_wconf 79' lang='lat' dir='ltr'>prudentes</span> <span class='ocrx_word' id='word_1_219' title='bbox 1517 1133 1563 1167; x_wconf 83' lang='lat' dir='ltr'>ab</span> <span class='ocrx_word' id='word_1_220' title='bbox 1581 1133 1730 1168; x_wconf 85' lang='lat' dir='ltr'>Alarico</span> <span class='ocrx_word' id='word_1_221' title='bbox 1748 1133 1921 1176; x_wconf 87' lang='lat' dir='ltr'>adhibiti,</span> <span class='ocrx_word' id='word_1_222' title='bbox 1949 1135 2093 1170; x_wconf 84' lang='lat' dir='ltr'>scilicet</span> 
     </span>
     <span class='ocr_line' id='line_1_18' title="bbox 166 1187 2092 1235; baseline 0.002 -11"><span class='ocrx_word' id='word_1_223' title='bbox 166 1200 210 1224; x_wconf 84' lang='lat' dir='ltr'>ex</span> <span class='ocrx_word' id='word_1_224' title='bbox 239 1188 428 1224; x_wconf 83' lang='lat' dir='ltr'>codicibus</span> <span class='ocrx_word' id='word_1_225' title='bbox 458 1188 578 1224; x_wconf 84' lang='lat' dir='ltr'>tribus</span> <span class='ocrx_word' id='word_1_226' title='bbox 604 1187 831 1234; x_wconf 86' lang='lat' dir='ltr'>Gregoriano</span> <span class='ocrx_word' id='word_1_227' title='bbox 856 1187 1154 1233; x_wconf 87' lang='lat' dir='ltr'>Hermogeniano</span> <span class='ocrx_word' id='word_1_228' title='bbox 1181 1188 1438 1225; x_wconf 88' lang='lat' dir='ltr'>Theodosiano</span> <span class='ocrx_word' id='word_1_229' title='bbox 1473 1202 1553 1224; x_wconf 89' lang='lat' dir='ltr'>cum</span> <span class='ocrx_word' id='word_1_230' title='bbox 1580 1190 1747 1226; x_wconf 87' lang='lat' dir='ltr'>Novellis</span> <span class='ocrx_word' id='word_1_231' title='bbox 1779 1191 1865 1227; x_wconf 90' lang='lat' dir='ltr'>huic</span> <span class='ocrx_word' id='word_1_232' title='bbox 1895 1192 2092 1235; x_wconf 77' lang='lat' dir='ltr'>adiunctis,</span> 
     </span>
     <span class='ocr_line' id='line_1_19' title="bbox 166 1245 2094 1295; baseline 0.002 -14"><span class='ocrx_word' id='word_1_233' title='bbox 166 1245 236 1281; x_wconf 86' lang='lat' dir='ltr'>Gai</span> <span class='ocrx_word' id='word_1_234' title='bbox 261 1245 574 1287; x_wconf 77' lang='lat' dir='ltr'>institutionibus,</span> <span class='ocrx_word' id='word_1_235' title='bbox 600 1245 798 1282; x_wconf 77' lang='lat' dir='ltr'>sententiis</span> <span class='ocrx_word' id='word_1_236' title='bbox 824 1245 942 1287; x_wconf 90' lang='lat' dir='ltr'>Pauli,</span> <span class='ocrx_word' id='word_1_237' title='bbox 969 1257 1065 1290; x_wconf 84' lang='lat' dir='ltr'>quae</span> <span class='ocrx_word' id='word_1_238' title='bbox 1091 1246 1279 1282; x_wconf 88' lang='lat' dir='ltr'>volumina</span> <span class='ocrx_word' id='word_1_239' title='bbox 1305 1258 1370 1292; x_wconf 87' lang='lat' dir='ltr'>per</span> <span class='ocrx_word' id='word_1_240' title='bbox 1395 1260 1437 1283; x_wconf 88' lang='lat' dir='ltr'>ea</span> <span class='ocrx_word' id='word_1_241' title='bbox 1464 1250 1632 1293; x_wconf 88' lang='lat' dir='ltr'>tempora</span> <span class='ocrx_word' id='word_1_242' title='bbox 1657 1248 1867 1284; x_wconf 77' lang='lat' dir='ltr'>Occidentis</span> <span class='ocrx_word' id='word_1_243' title='bbox 1893 1251 2094 1295; x_wconf 76' lang='lat' dir='ltr'>prudentes</span> 
     </span>
     <span class='ocr_line' id='line_1_20' title="bbox 165 1303 2092 1351; baseline 0.001 -11"><span class='ocrx_word' id='word_1_244' title='bbox 165 1316 350 1351; x_wconf 84' lang='lat' dir='ltr'>peraeque</span> <span class='ocrx_word' id='word_1_245' title='bbox 374 1305 576 1351; x_wconf 84' lang='lat' dir='ltr'>praecipue</span> <span class='ocrx_word' id='word_1_246' title='bbox 601 1307 838 1350; x_wconf 77' lang='lat' dir='ltr'>usurparunt.</span> <span class='ocrx_word' id='word_1_247' title='bbox 866 1323 907 1328; x_wconf 93' lang='lat'>—</span> <span class='ocrx_word' id='word_1_248' title='bbox 933 1303 1240 1349; x_wconf 85' lang='lat' dir='ltr'>Burgundionum</span> <span class='ocrx_word' id='word_1_249' title='bbox 1264 1316 1369 1350; x_wconf 86' lang='lat' dir='ltr'>reges</span> <span class='ocrx_word' id='word_1_250' title='bbox 1400 1307 1442 1340; x_wconf 91' lang='lat' dir='ltr'>ut</span> <span class='ocrx_word' id='word_1_251' title='bbox 1468 1304 1662 1349; x_wconf 84' lang='lat' dir='ltr'>probabile</span> <span class='ocrx_word' id='word_1_252' title='bbox 1694 1307 1749 1340; x_wconf 87' lang='lat' dir='ltr'>est</span> <span class='ocrx_word' id='word_1_253' title='bbox 1780 1306 1882 1351; x_wconf 89' lang='lat' dir='ltr'>leges</span> <span class='ocrx_word' id='word_1_254' title='bbox 1906 1309 1982 1342; x_wconf 90' lang='lat' dir='ltr'>tam</span> <span class='ocrx_word' id='word_1_255' title='bbox 2009 1307 2092 1342; x_wconf 90' lang='lat' dir='ltr'>Ger-</span> 
     </span>
     <span class='ocr_line' id='line_1_21' title="bbox 164 1361 2092 1408; baseline 0.002 -11"><span class='ocrx_word' id='word_1_256' title='bbox 164 1362 285 1398; x_wconf 87' lang='lat' dir='ltr'>manis</span> <span class='ocrx_word' id='word_1_257' title='bbox 309 1374 421 1408; x_wconf 88' lang='lat' dir='ltr'>quam</span> <span class='ocrx_word' id='word_1_258' title='bbox 445 1362 621 1399; x_wconf 85' lang='lat' dir='ltr'>Romanis</span> <span class='ocrx_word' id='word_1_259' title='bbox 647 1361 791 1398; x_wconf 87' lang='lat' dir='ltr'>civibus</span> <span class='ocrx_word' id='word_1_260' title='bbox 817 1361 892 1397; x_wconf 89' lang='lat' dir='ltr'>suis</span> <span class='ocrx_word' id='word_1_261' title='bbox 919 1361 1126 1397; x_wconf 86' lang='lat' dir='ltr'>condidisse</span> <span class='ocrx_word' id='word_1_262' title='bbox 1151 1365 1238 1397; x_wconf 86' lang='lat' dir='ltr'>ante</span> <span class='ocrx_word' id='word_1_263' title='bbox 1263 1361 1403 1397; x_wconf 88' lang='lat' dir='ltr'>editam</span> <span class='ocrx_word' id='word_1_264' title='bbox 1420 1362 1673 1398; x_wconf 84' lang='lat' dir='ltr'>Alaricianam</span> <span class='ocrx_word' id='word_1_265' title='bbox 1693 1364 1738 1407; x_wconf 89' lang='lat' dir='ltr'>(a.</span> <span class='ocrx_word' id='word_1_266' title='bbox 1753 1363 1844 1408; x_wconf 82' lang='lat'>506),</span> <span class='ocrx_word' id='word_1_267' title='bbox 1870 1363 1926 1399; x_wconf 84' lang='lat' dir='ltr'>ita</span> <span class='ocrx_word' id='word_1_268' title='bbox 1951 1367 2092 1400; x_wconf 88' lang='lat' dir='ltr'>certum</span> 
     </span>
     <span class='ocr_line' id='line_1_22' title="bbox 165 1418 2091 1466; baseline 0.001 -10"><span class='ocrx_word' id='word_1_269' title='bbox 165 1431 227 1456; x_wconf 88' lang='lat' dir='ltr'>eos</span> <span class='ocrx_word' id='word_1_270' title='bbox 257 1419 297 1456; x_wconf 86' lang='lat' dir='ltr'>in</span> <span class='ocrx_word' id='word_1_271' title='bbox 326 1420 373 1456; x_wconf 91' lang='lat' dir='ltr'>iis</span> <span class='ocrx_word' id='word_1_272' title='bbox 405 1420 667 1466; x_wconf 85' lang='lat' dir='ltr'>componendis</span> <span class='ocrx_word' id='word_1_273' title='bbox 698 1431 781 1455; x_wconf 88' lang='lat' dir='ltr'>usos</span> <span class='ocrx_word' id='word_1_274' title='bbox 811 1431 888 1455; x_wconf 87' lang='lat' dir='ltr'>esse</span> <span class='ocrx_word' id='word_1_275' title='bbox 914 1418 1174 1455; x_wconf 81' lang='lat' dir='ltr'>Theodosiano</span> <span class='ocrx_word' id='word_1_276' title='bbox 1206 1419 1366 1465; x_wconf 84' lang='lat' dir='ltr'>integro,</span> <span class='ocrx_word' id='word_1_277' title='bbox 1398 1432 1506 1463; x_wconf 89' lang='lat' dir='ltr'>quem</span> <span class='ocrx_word' id='word_1_278' title='bbox 1538 1420 1575 1455; x_wconf 89' lang='lat' dir='ltr'>in</span> <span class='ocrx_word' id='word_1_279' title='bbox 1606 1421 1688 1466; x_wconf 87' lang='lat' dir='ltr'>lege</span> <span class='ocrx_word' id='word_1_280' title='bbox 1713 1420 1880 1456; x_wconf 87' lang='lat' dir='ltr'>Romana</span> <span class='ocrx_word' id='word_1_281' title='bbox 1910 1422 2091 1466; x_wconf 86' lang='lat' dir='ltr'>quomodo</span> 
     </span>
     <span class='ocr_line' id='line_1_23' title="bbox 165 1476 2094 1524; baseline 0.001 -11"><span class='ocrx_word' id='word_1_282' title='bbox 165 1478 342 1524; x_wconf 87' lang='lat' dir='ltr'>adlegent</span> <span class='ocrx_word' id='word_1_283' title='bbox 373 1490 487 1524; x_wconf 88' lang='lat' dir='ltr'>supra</span> <span class='ocrx_word' id='word_1_284' title='bbox 517 1491 553 1524; x_wconf 92' lang='lat' dir='ltr'>p.</span> <span class='ocrx_word' id='word_1_285' title='bbox 578 1479 648 1513; x_wconf 86' lang='lat' dir='ltr'>XII</span> <span class='ocrx_word' id='word_1_286' title='bbox 682 1477 848 1523; x_wconf 82' lang='lat' dir='ltr'>exposui.</span> <span class='ocrx_word' id='word_1_287' title='bbox 896 1476 1119 1513; x_wconf 86' lang='lat' dir='ltr'>Adhibitum</span> <span class='ocrx_word' id='word_1_288' title='bbox 1155 1489 1232 1512; x_wconf 85' lang='lat' dir='ltr'>esse</span> <span class='ocrx_word' id='word_1_289' title='bbox 1265 1477 1491 1512; x_wconf 86' lang='lat' dir='ltr'>breviarium</span> <span class='ocrx_word' id='word_1_290' title='bbox 1521 1477 1775 1512; x_wconf 88' lang='lat' dir='ltr'>Alaricianum</span> <span class='ocrx_word' id='word_1_291' title='bbox 1805 1478 1993 1514; x_wconf 88' lang='lat' dir='ltr'>conditum</span> <span class='ocrx_word' id='word_1_292' title='bbox 2028 1481 2094 1514; x_wconf 89' lang='lat' dir='ltr'>aut</span> 
     </span>
     <span class='ocr_line' id='line_1_24' title="bbox 165 1534 2092 1582; baseline 0.001 -12"><span class='ocrx_word' id='word_1_293' title='bbox 165 1535 294 1571; x_wconf 88' lang='lat' dir='ltr'>eodem</span> <span class='ocrx_word' id='word_1_294' title='bbox 330 1535 406 1572; x_wconf 88' lang='lat' dir='ltr'>fere</span> <span class='ocrx_word' id='word_1_295' title='bbox 441 1537 607 1582; x_wconf 87' lang='lat' dir='ltr'>tempore</span> <span class='ocrx_word' id='word_1_296' title='bbox 649 1538 715 1571; x_wconf 86' lang='lat' dir='ltr'>aut</span> <span class='ocrx_word' id='word_1_297' title='bbox 750 1536 906 1571; x_wconf 89' lang='lat' dir='ltr'>fortasse</span> <span class='ocrx_word' id='word_1_298' title='bbox 943 1534 1146 1580; x_wconf 88' lang='lat' dir='ltr'>posteriore</span> <span class='ocrx_word' id='word_1_299' title='bbox 1184 1534 1332 1580; x_wconf 82' lang='lat' dir='ltr'>egregie</span> <span class='ocrx_word' id='word_1_300' title='bbox 1368 1535 1548 1570; x_wconf 83' lang='lat' dir='ltr'>refutavit</span> <span class='ocrx_word' id='word_1_301' title='bbox 1584 1535 1786 1571; x_wconf 87' lang='lat' dir='ltr'>Haenelius</span> <span class='ocrx_word' id='word_1_302' title='bbox 1827 1537 1955 1581; x_wconf 84' lang='lat' dir='ltr'>(praef.</span> <span class='ocrx_word' id='word_1_303' title='bbox 1993 1536 2092 1572; x_wconf 81' lang='lat' dir='ltr'>breV.</span> 
     </span>
     <span class='ocr_line' id='line_1_25' title="bbox 165 1591 2093 1640; baseline 0.001 -13"><span class='ocrx_word' id='word_1_304' title='bbox 165 1605 200 1638; x_wconf 88' lang='lat' dir='ltr'>p.</span> <span class='ocrx_word' id='word_1_305' title='bbox 218 1593 339 1628; x_wconf 89' lang='lat' dir='ltr'>XCIII</span> <span class='ocrx_word' id='word_1_306' title='bbox 352 1596 454 1638; x_wconf 65' lang='lat' dir='ltr'>seq),</span> <span class='ocrx_word' id='word_1_307' title='bbox 479 1605 547 1630; x_wconf 90' lang='lat' dir='ltr'>nec</span> <span class='ocrx_word' id='word_1_308' title='bbox 572 1593 691 1640; x_wconf 86' lang='lat' dir='ltr'>magis</span> <span class='ocrx_word' id='word_1_309' title='bbox 715 1592 809 1628; x_wconf 82' lang='lat' dir='ltr'>mihi</span> <span class='ocrx_word' id='word_1_310' title='bbox 835 1592 1018 1638; x_wconf 87' lang='lat' dir='ltr'>probatur</span> <span class='ocrx_word' id='word_1_311' title='bbox 1034 1591 1165 1638; x_wconf 87' lang='lat' dir='ltr'>nuperi</span> <span class='ocrx_word' id='word_1_312' title='bbox 1191 1591 1344 1627; x_wconf 79' lang='lat' dir='ltr'>editoris</span> <span class='ocrx_word' id='word_1_313' title='bbox 1369 1592 1538 1638; x_wconf 80' lang='lat' dir='ltr'>opinatio</span> <span class='ocrx_word' id='word_1_314' title='bbox 1565 1594 1614 1638; x_wconf 90' lang='lat' dir='ltr'>(p.</span> <span class='ocrx_word' id='word_1_315' title='bbox 1634 1594 1689 1636; x_wconf 88' lang='grc'>12)</span> <span class='ocrx_word' id='word_1_316' title='bbox 1715 1594 1793 1628; x_wconf 88' lang='lat' dir='ltr'>tam</span> <span class='ocrx_word' id='word_1_317' title='bbox 1818 1592 2093 1639; x_wconf 79' lang='lat' dir='ltr'>interpretatio-</span> 
     </span>
     <span class='ocr_line' id='line_1_26' title="bbox 165 1650 2093 1698; baseline -0.001 -12"><span class='ocrx_word' id='word_1_318' title='bbox 165 1663 249 1686; x_wconf 90' lang='lat' dir='ltr'>nem</span> <span class='ocrx_word' id='word_1_319' title='bbox 265 1650 540 1698; x_wconf 81' lang='lat' dir='ltr'>Visigothicam</span> <span class='ocrx_word' id='word_1_320' title='bbox 566 1663 677 1696; x_wconf 84' lang='lat' dir='ltr'>quam</span> <span class='ocrx_word' id='word_1_321' title='bbox 702 1650 1006 1697; x_wconf 85' lang='lat' dir='ltr'>Burgundionum</span> <span class='ocrx_word' id='word_1_322' title='bbox 1032 1650 1153 1696; x_wconf 87' lang='lat' dir='ltr'>legem</span> <span class='ocrx_word' id='word_1_323' title='bbox 1179 1650 1385 1685; x_wconf 84' lang='lat' dir='ltr'>Romanam</span> <span class='ocrx_word' id='word_1_324' title='bbox 1415 1650 1603 1685; x_wconf 78' lang='lat' dir='ltr'>derivatas</span> <span class='ocrx_word' id='word_1_325' title='bbox 1633 1661 1710 1685; x_wconf 87' lang='lat' dir='ltr'>esse</span> <span class='ocrx_word' id='word_1_326' title='bbox 1742 1662 1785 1684; x_wconf 87' lang='lat' dir='ltr'>ex</span> <span class='ocrx_word' id='word_1_327' title='bbox 1811 1651 1938 1686; x_wconf 88' lang='lat' dir='ltr'>eodem</span> <span class='ocrx_word' id='word_1_328' title='bbox 1969 1650 2093 1686; x_wconf 87' lang='lat' dir='ltr'>nescio</span> 
     </span>
     <span class='ocr_line' id='line_1_27' title="bbox 165 1707 2093 1755; baseline 0 -12"><span class='ocrx_word' id='word_1_329' title='bbox 165 1720 238 1752; x_wconf 91' lang='lat' dir='ltr'>quo</span> <span class='ocrx_word' id='word_1_330' title='bbox 270 1708 360 1744; x_wconf 89' lang='lat' dir='ltr'>iuris</span> <span class='ocrx_word' id='word_1_331' title='bbox 386 1709 616 1755; x_wconf 86' lang='lat' dir='ltr'>compendio.</span> <span class='ocrx_word' id='word_1_332' title='bbox 666 1709 744 1744; x_wconf 85' lang='lat' dir='ltr'>Hoc</span> <span class='ocrx_word' id='word_1_333' title='bbox 769 1709 887 1744; x_wconf 88' lang='lat' dir='ltr'>solmn</span> <span class='ocrx_word' id='word_1_334' title='bbox 916 1719 1042 1743; x_wconf 88' lang='lat' dir='ltr'>verum</span> <span class='ocrx_word' id='word_1_335' title='bbox 1067 1711 1123 1744; x_wconf 87' lang='lat' dir='ltr'>est</span> <span class='ocrx_word' id='word_1_336' title='bbox 1151 1708 1297 1743; x_wconf 88' lang='lat' dir='ltr'>scholas</span> <span class='ocrx_word' id='word_1_337' title='bbox 1322 1707 1426 1749; x_wconf 88' lang='lat' dir='ltr'>iuris,</span> <span class='ocrx_word' id='word_1_338' title='bbox 1459 1707 1593 1752; x_wconf 86' lang='lat' dir='ltr'>quibus</span> <span class='ocrx_word' id='word_1_339' title='bbox 1627 1707 1818 1753; x_wconf 86' lang='lat' dir='ltr'>utriusque</span> <span class='ocrx_word' id='word_1_340' title='bbox 1850 1708 1981 1753; x_wconf 88' lang='lat' dir='ltr'>populi</span> <span class='ocrx_word' id='word_1_341' title='bbox 2012 1721 2093 1754; x_wconf 89' lang='lat' dir='ltr'>pru-</span> 
     </span>
     <span class='ocr_line' id='line_1_28' title="bbox 165 1764 2093 1809; baseline -0.001 -8"><span class='ocrx_word' id='word_1_342' title='bbox 165 1765 297 1802; x_wconf 88' lang='lat' dir='ltr'>dentes</span> <span class='ocrx_word' id='word_1_343' title='bbox 322 1778 388 1802; x_wconf 87' lang='lat' dir='ltr'>sua</span> <span class='ocrx_word' id='word_1_344' title='bbox 413 1767 565 1809; x_wconf 90' lang='lat' dir='ltr'>debent,</span> <span class='ocrx_word' id='word_1_345' title='bbox 597 1767 744 1803; x_wconf 87' lang='lat' dir='ltr'>easdem</span> <span class='ocrx_word' id='word_1_346' title='bbox 768 1766 881 1802; x_wconf 88' lang='lat' dir='ltr'>fuisse</span> <span class='ocrx_word' id='word_1_347' title='bbox 915 1768 952 1801; x_wconf 91' lang='lat' dir='ltr'>et</span> <span class='ocrx_word' id='word_1_348' title='bbox 982 1765 1038 1801; x_wconf 89' lang='lat' dir='ltr'>ita</span> <span class='ocrx_word' id='word_1_349' title='bbox 1062 1765 1266 1806; x_wconf 88' lang='lat' dir='ltr'>interdum,</span> <span class='ocrx_word' id='word_1_350' title='bbox 1298 1777 1380 1800; x_wconf 87' lang='lat' dir='ltr'>raro</span> <span class='ocrx_word' id='word_1_351' title='bbox 1410 1767 1534 1800; x_wconf 83' lang='lat' dir='ltr'>tamen</span> <span class='ocrx_word' id='word_1_352' title='bbox 1560 1764 1724 1809; x_wconf 82' lang='lat' dir='ltr'>aliquam</span> <span class='ocrx_word' id='word_1_353' title='bbox 1749 1765 2029 1801; x_wconf 88' lang='lat' dir='ltr'>similitudinem</span> <span class='ocrx_word' id='word_1_354' title='bbox 2056 1765 2093 1800; x_wconf 90' lang='lat' dir='ltr'>in</span> 
     </span>
     <span class='ocr_line' id='line_1_29' title="bbox 166 1822 2092 1870; baseline 0 -12"><span class='ocrx_word' id='word_1_355' title='bbox 166 1823 441 1860; x_wconf 87' lang='lat' dir='ltr'>commentariis</span> <span class='ocrx_word' id='word_1_356' title='bbox 472 1824 548 1860; x_wconf 90' lang='lat' dir='ltr'>illis</span> <span class='ocrx_word' id='word_1_357' title='bbox 578 1835 770 1870; x_wconf 89' lang='lat' dir='ltr'>apparere.</span> <span class='ocrx_word' id='word_1_358' title='bbox 818 1822 991 1869; x_wconf 80' lang='lat' dir='ltr'>Exempli</span> <span class='ocrx_word' id='word_1_359' title='bbox 1024 1835 1135 1858; x_wconf 90' lang='lat' dir='ltr'>causa</span> <span class='ocrx_word' id='word_1_360' title='bbox 1169 1822 1288 1868; x_wconf 88' lang='lat' dir='ltr'>capiti</span> <span class='ocrx_word' id='word_1_361' title='bbox 1320 1822 1414 1868; x_wconf 87' lang='lat' dir='ltr'>legis</span> <span class='ocrx_word' id='word_1_362' title='bbox 1440 1822 1693 1858; x_wconf 83' lang='lat' dir='ltr'>Gundobadae</span> <span class='ocrx_word' id='word_1_363' title='bbox 1722 1823 1821 1864; x_wconf 79' lang='grc'>24,1.</span> <span class='ocrx_word' id='word_1_364' title='bbox 1839 1823 1860 1856; x_wconf 89' lang='grc'>2</span> <span class='ocrx_word' id='word_1_365' title='bbox 1887 1822 2092 1858; x_wconf 88' lang='lat' dir='ltr'>similitudo</span> 
     </span>
     <span class='ocr_line' id='line_1_30' title="bbox 165 1879 2092 1927; baseline -0.002 -9"><span class='ocrx_word' id='word_1_366' title='bbox 165 1881 294 1927; x_wconf 83' lang='lat' dir='ltr'>aliqua</span> <span class='ocrx_word' id='word_1_367' title='bbox 325 1882 526 1918; x_wconf 86' lang='lat' dir='ltr'>intercedit</span> <span class='ocrx_word' id='word_1_368' title='bbox 555 1885 598 1918; x_wconf 91' lang='lat' dir='ltr'>ut</span> <span class='ocrx_word' id='word_1_369' title='bbox 628 1894 712 1918; x_wconf 84' lang='lat' dir='ltr'>cuin</span> <span class='ocrx_word' id='word_1_370' title='bbox 741 1883 845 1917; x_wconf 81' lang='lat' dir='ltr'>textu</span> <span class='ocrx_word' id='word_1_371' title='bbox 874 1881 1084 1924; x_wconf 80' lang='lat' dir='ltr'>Th.3‚8‚2,</span> <span class='ocrx_word' id='word_1_372' title='bbox 1118 1881 1173 1916; x_wconf 90' lang='lat' dir='ltr'>ita</span> <span class='ocrx_word' id='word_1_373' title='bbox 1204 1880 1318 1916; x_wconf 86' lang='lat' dir='ltr'>etiam</span> <span class='ocrx_word' id='word_1_374' title='bbox 1349 1892 1432 1915; x_wconf 87' lang='lat' dir='ltr'>cum</span> <span class='ocrx_word' id='word_1_375' title='bbox 1462 1879 1787 1925; x_wconf 83' lang='lat' dir='ltr'>interpretatione3</span> <span class='ocrx_word' id='word_1_376' title='bbox 1822 1880 1911 1916; x_wconf 90' lang='lat' dir='ltr'>item</span> <span class='ocrx_word' id='word_1_377' title='bbox 1941 1880 1979 1914; x_wconf 90' lang='lat' dir='ltr'>in</span> <span class='ocrx_word' id='word_1_378' title='bbox 2010 1881 2092 1925; x_wconf 89' lang='lat' dir='ltr'>lege</span> 
     </span>
     <span class='ocr_line' id='line_1_31' title="bbox 166 1937 2094 1983; baseline -0.001 -9"><span class='ocrx_word' id='word_1_379' title='bbox 166 1939 334 1975; x_wconf 88' lang='lat' dir='ltr'>Romana</span> <span class='ocrx_word' id='word_1_380' title='bbox 358 1939 497 1975; x_wconf 86' lang='lat' dir='ltr'>similia</span> <span class='ocrx_word' id='word_1_381' title='bbox 521 1939 664 1976; x_wconf 89' lang='lat' dir='ltr'>habent</span> <span class='ocrx_word' id='word_1_382' title='bbox 688 1939 762 1975; x_wconf 89' lang='lat' dir='ltr'>loci</span> <span class='ocrx_word' id='word_1_383' title='bbox 793 1951 815 1974; x_wconf 88' lang='lat' dir='ltr'>a</span> <span class='ocrx_word' id='word_1_384' title='bbox 839 1951 898 1975; x_wconf 90' lang='lat' dir='ltr'>me</span> <span class='ocrx_word' id='word_1_385' title='bbox 929 1938 1049 1974; x_wconf 89' lang='lat' dir='ltr'>adlati</span> <span class='ocrx_word' id='word_1_386' title='bbox 1077 1939 1121 1973; x_wconf 88' lang='lat' dir='ltr'>de</span> <span class='ocrx_word' id='word_1_387' title='bbox 1145 1937 1248 1974; x_wconf 88' lang='lat' dir='ltr'>feriis</span> <span class='ocrx_word' id='word_1_388' title='bbox 1273 1938 1320 1973; x_wconf 87' lang='lat' dir='ltr'>ad</span> <span class='ocrx_word' id='word_1_389' title='bbox 1346 1938 1413 1972; x_wconf 91' lang='lat' dir='ltr'>Th.</span> <span class='ocrx_word' id='word_1_390' title='bbox 1433 1940 1463 1980; x_wconf 84' lang='lat'>2,</span> <span class='ocrx_word' id='word_1_391' title='bbox 1479 1938 1509 1979; x_wconf 76' lang='lat'>8,</span> <span class='ocrx_word' id='word_1_392' title='bbox 1528 1938 1584 1979; x_wconf 91' lang='lat'>19,</span> <span class='ocrx_word' id='word_1_393' title='bbox 1617 1938 1660 1972; x_wconf 88' lang='lat' dir='ltr'>de</span> <span class='ocrx_word' id='word_1_394' title='bbox 1686 1937 1856 1973; x_wconf 88' lang='lat' dir='ltr'>secundis</span> <span class='ocrx_word' id='word_1_395' title='bbox 1880 1937 2022 1983; x_wconf 85' lang='lat' dir='ltr'>nuptiis</span> <span class='ocrx_word' id='word_1_396' title='bbox 2046 1938 2094 1972; x_wconf 88' lang='lat' dir='ltr'>ad</span> 
     </span>
     <span class='ocr_line' id='line_1_32' title="bbox 165 1995 2092 2040; baseline -0.001 -8"><span class='ocrx_word' id='word_1_397' title='bbox 165 1997 197 2040; x_wconf 87' lang='lat'>8,</span> <span class='ocrx_word' id='word_1_398' title='bbox 213 1997 315 2039; x_wconf 84' lang='lat'>13‚4,</span> <span class='ocrx_word' id='word_1_399' title='bbox 347 1997 391 2032; x_wconf 93' lang='lat' dir='ltr'>de</span> <span class='ocrx_word' id='word_1_400' title='bbox 418 1997 718 2034; x_wconf 86' lang='lat' dir='ltr'>accusationibus</span> <span class='ocrx_word' id='word_1_401' title='bbox 749 1998 795 2033; x_wconf 88' lang='lat' dir='ltr'>ad</span> <span class='ocrx_word' id='word_1_402' title='bbox 822 1999 853 2038; x_wconf 88' lang='lat'>9,</span> <span class='ocrx_word' id='word_1_403' title='bbox 871 1999 899 2039; x_wconf 93' lang='lat'>1,</span> <span class='ocrx_word' id='word_1_404' title='bbox 917 1998 968 2032; x_wconf 82' lang='lat'>14.</span> <span class='ocrx_word' id='word_1_405' title='bbox 1018 1997 1168 2033; x_wconf 84' lang='lat' dir='ltr'>Habent</span> <span class='ocrx_word' id='word_1_406' title='bbox 1193 1995 1284 2031; x_wconf 87' lang='lat' dir='ltr'>item</span> <span class='ocrx_word' id='word_1_407' title='bbox 1310 1996 1399 2030; x_wconf 83' lang='lat' dir='ltr'>iuris</span> <span class='ocrx_word' id='word_1_408' title='bbox 1426 1995 1648 2040; x_wconf 85' lang='lat' dir='ltr'>interpretes</span> <span class='ocrx_word' id='word_1_409' title='bbox 1675 1995 1884 2030; x_wconf 83' lang='lat' dir='ltr'>Germanici</span> <span class='ocrx_word' id='word_1_410' title='bbox 1909 1996 2092 2039; x_wconf 83' lang='lat' dir='ltr'>quaedam</span> 
     </span>
     <span class='ocr_line' id='line_1_33' title="bbox 165 2053 2093 2101; baseline -0.001 -12"><span class='ocrx_word' id='word_1_411' title='bbox 165 2054 238 2091; x_wconf 92' lang='lat' dir='ltr'>sibi</span> <span class='ocrx_word' id='word_1_412' title='bbox 263 2055 416 2101; x_wconf 88' lang='lat' dir='ltr'>propria</span> <span class='ocrx_word' id='word_1_413' title='bbox 441 2059 479 2091; x_wconf 90' lang='lat' dir='ltr'>et</span> <span class='ocrx_word' id='word_1_414' title='bbox 503 2055 601 2091; x_wconf 88' lang='lat' dir='ltr'>inter</span> <span class='ocrx_word' id='word_1_415' title='bbox 625 2067 664 2091; x_wconf 87' lang='lat' dir='ltr'>se</span> <span class='ocrx_word' id='word_1_416' title='bbox 689 2053 909 2096; x_wconf 87' lang='lat' dir='ltr'>communia,</span> <span class='ocrx_word' id='word_1_417' title='bbox 934 2057 987 2095; x_wconf 83' lang='lat' dir='ltr'>ut,</span> <span class='ocrx_word' id='word_1_418' title='bbox 1014 2053 1078 2089; x_wconf 88' lang='lat' dir='ltr'>ubi</span> <span class='ocrx_word' id='word_1_419' title='bbox 1097 2053 1135 2088; x_wconf 88' lang='lat' dir='ltr'>in</span> <span class='ocrx_word' id='word_1_420' title='bbox 1154 2053 1420 2089; x_wconf 86' lang='lat' dir='ltr'>constitutione</span> <span class='ocrx_word' id='word_1_421' title='bbox 1446 2055 1502 2088; x_wconf 86' lang='lat' dir='ltr'>est</span> <span class='ocrx_word' id='word_1_422' title='bbox 1527 2053 1612 2087; x_wconf 76' lang='lat' dir='ltr'>actis</span> <span class='ocrx_word' id='word_1_423' title='bbox 1637 2053 1798 2096; x_wconf 77' lang='lat' dir='ltr'>inserere,</span> <span class='ocrx_word' id='word_1_424' title='bbox 1825 2054 1969 2098; x_wconf 89' lang='lat' dir='ltr'>ponunt</span> <span class='ocrx_word' id='word_1_425' title='bbox 1990 2053 2093 2098; x_wconf 64' lang='lat' dir='ltr'>gestis</span> 
     </span>
     <span class='ocr_line' id='line_1_34' title="bbox 163 2110 2092 2158; baseline -0.002 -11"><span class='ocrx_word' id='word_1_426' title='bbox 163 2113 314 2158; x_wconf 62' lang='lat' dir='ltr'>allegare</span> <span class='ocrx_word' id='word_1_427' title='bbox 331 2114 394 2157; x_wconf 87' lang='lat' dir='ltr'>(ad</span> <span class='ocrx_word' id='word_1_428' title='bbox 409 2114 478 2149; x_wconf 93' lang='lat' dir='ltr'>Th.</span> <span class='ocrx_word' id='word_1_429' title='bbox 493 2113 523 2155; x_wconf 82' lang='lat'>3,</span> <span class='ocrx_word' id='word_1_430' title='bbox 538 2114 569 2155; x_wconf 86' lang='lat'>5,</span> <span class='ocrx_word' id='word_1_431' title='bbox 586 2114 630 2158; x_wconf 93' lang='lat'>1),</span> <span class='ocrx_word' id='word_1_432' title='bbox 656 2112 747 2148; x_wconf 90' lang='lat' dir='ltr'>item</span> <span class='ocrx_word' id='word_1_433' title='bbox 772 2112 990 2147; x_wconf 75' lang='lat' dir='ltr'>consciorum</span> <span class='ocrx_word' id='word_1_434' title='bbox 1008 2111 1231 2147; x_wconf 79' lang='lat' dir='ltr'>voca-bulum</span> <span class='ocrx_word' id='word_1_435' title='bbox 1254 2111 1292 2145; x_wconf 89' lang='lat' dir='ltr'>in</span> <span class='ocrx_word' id='word_1_436' title='bbox 1311 2110 1525 2145; x_wconf 85' lang='lat' dir='ltr'>criminibus</span> <span class='ocrx_word' id='word_1_437' title='bbox 1548 2122 1614 2155; x_wconf 88' lang='lat' dir='ltr'>pro</span> <span class='ocrx_word' id='word_1_438' title='bbox 1632 2110 1800 2156; x_wconf 87' lang='lat' dir='ltr'>legitimo</span> <span class='ocrx_word' id='word_1_439' title='bbox 1826 2112 2007 2155; x_wconf 87' lang='lat' dir='ltr'>usurpant</span> <span class='ocrx_word' id='word_1_440' title='bbox 2031 2110 2092 2154; x_wconf 89' lang='lat' dir='ltr'>(ad</span> 
     </span>
     <span class='ocr_line' id='line_1_35' title="bbox 165 2167 2091 2215; baseline -0.001 -10"><span class='ocrx_word' id='word_1_441' title='bbox 165 2170 233 2206; x_wconf 90' lang='lat' dir='ltr'>Th.</span> <span class='ocrx_word' id='word_1_442' title='bbox 251 2171 330 2213; x_wconf 87' lang='lat'>9‚5,</span> <span class='ocrx_word' id='word_1_443' title='bbox 346 2171 388 2215; x_wconf 94' lang='lat'>1).</span> <span class='ocrx_word' id='word_1_444' title='bbox 437 2171 509 2206; x_wconf 88' lang='lat' dir='ltr'>Sed</span> <span class='ocrx_word' id='word_1_445' title='bbox 533 2183 617 2206; x_wconf 87' lang='lat' dir='ltr'>rara</span> <span class='ocrx_word' id='word_1_446' title='bbox 641 2171 735 2207; x_wconf 89' lang='lat' dir='ltr'>haec</span> <span class='ocrx_word' id='word_1_447' title='bbox 761 2173 846 2206; x_wconf 88' lang='lat' dir='ltr'>sunt</span> <span class='ocrx_word' id='word_1_448' title='bbox 871 2182 990 2214; x_wconf 87' lang='lat' dir='ltr'>neque</span> <span class='ocrx_word' id='word_1_449' title='bbox 1015 2170 1150 2205; x_wconf 87' lang='lat' dir='ltr'>desunt</span> <span class='ocrx_word' id='word_1_450' title='bbox 1179 2169 1279 2214; x_wconf 87' lang='lat' dir='ltr'>apud</span> <span class='ocrx_word' id='word_1_451' title='bbox 1309 2168 1454 2204; x_wconf 84' lang='lat' dir='ltr'>eosdem</span> <span class='ocrx_word' id='word_1_452' title='bbox 1487 2170 1655 2203; x_wconf 84' lang='lat' dir='ltr'>auctores</span> <span class='ocrx_word' id='word_1_453' title='bbox 1687 2167 1889 2209; x_wconf 84' lang='lat' dir='ltr'>contraria,</span> <span class='ocrx_word' id='word_1_454' title='bbox 1921 2170 1963 2203; x_wconf 91' lang='lat' dir='ltr'>ut</span> <span class='ocrx_word' id='word_1_455' title='bbox 1992 2171 2091 2203; x_wconf 87' lang='lat' dir='ltr'>recte</span> 
     </span>
     <span class='ocr_line' id='line_1_36' title="bbox 164 2224 2090 2274; baseline -0.003 -10"><span class='ocrx_word' id='word_1_456' title='bbox 164 2228 378 2265; x_wconf 86' lang='lat' dir='ltr'>observavit</span> <span class='ocrx_word' id='word_1_457' title='bbox 410 2229 562 2265; x_wconf 89' lang='lat' dir='ltr'>Zeumer</span> <span class='ocrx_word' id='word_1_458' title='bbox 591 2228 804 2274; x_wconf 80' lang='lat' dir='ltr'>(Zeitschrift</span> <span class='ocrx_word' id='word_1_459' title='bbox 833 2228 897 2263; x_wconf 83' lang='lat' dir='ltr'>der</span> <span class='ocrx_word' id='word_1_460' title='bbox 928 2227 1288 2273; x_wconf 62' lang='lat' dir='ltr'>iS&#39;auiqny-ffliftuny‚</span> <span class='ocrx_word' id='word_1_461' title='bbox 1319 2237 1425 2271; x_wconf 73' lang='lat' dir='ltr'>yernz.</span> <span class='ocrx_word' id='word_1_462' title='bbox 1449 2225 1552 2260; x_wconf 56' lang='lat' dir='ltr'>Abila.</span> <span class='ocrx_word' id='word_1_463' title='bbox 1578 2226 1609 2268; x_wconf 89' lang='lat'>9,</span> <span class='ocrx_word' id='word_1_464' title='bbox 1629 2226 1672 2261; x_wconf 84' lang='lat'>24</span> <span class='ocrx_word' id='word_1_465' title='bbox 1686 2226 1775 2270; x_wconf 86' lang='lat' dir='ltr'>seq.)</span> <span class='ocrx_word' id='word_1_466' title='bbox 1805 2224 2012 2260; x_wconf 80' lang='lat' dir='ltr'>Falcidiam</span> <span class='ocrx_word' id='word_1_467' title='bbox 2047 2225 2090 2259; x_wconf 89' lang='lat' dir='ltr'>de</span> 
     </span>
     <span class='ocr_line' id='line_1_37' title="bbox 164 2282 2092 2332; baseline -0.004 -10"><span class='ocrx_word' id='word_1_468' title='bbox 164 2288 272 2331; x_wconf 77' lang='lat' dir='ltr'>parte</span> <span class='ocrx_word' id='word_1_469' title='bbox 303 2285 432 2322; x_wconf 89' lang='lat' dir='ltr'>heredi</span> <span class='ocrx_word' id='word_1_470' title='bbox 456 2286 624 2332; x_wconf 85' lang='lat' dir='ltr'>proximo</span> <span class='ocrx_word' id='word_1_471' title='bbox 655 2286 878 2321; x_wconf 87' lang='lat' dir='ltr'>reservanda</span> <span class='ocrx_word' id='word_1_472' title='bbox 903 2284 1057 2320; x_wconf 86' lang='lat' dir='ltr'>abusive</span> <span class='ocrx_word' id='word_1_473' title='bbox 1081 2284 1254 2329; x_wconf 85' lang='lat' dir='ltr'>usurpari</span> <span class='ocrx_word' id='word_1_474' title='bbox 1284 2283 1384 2328; x_wconf 88' lang='lat' dir='ltr'>apud</span> <span class='ocrx_word' id='word_1_475' title='bbox 1414 2283 1509 2318; x_wconf 89' lang='lat' dir='ltr'>solos</span> <span class='ocrx_word' id='word_1_476' title='bbox 1535 2282 1828 2327; x_wconf 81' lang='lat' dir='ltr'>Burgundiones,</span> <span class='ocrx_word' id='word_1_477' title='bbox 1860 2293 2092 2326; x_wconf 84' lang='lat' dir='ltr'>nequaquam</span> 
     </span>
     <span class='ocr_line' id='line_1_38' title="bbox 165 2338 2092 2390; baseline -0.004 -11"><span class='ocrx_word' id='word_1_478' title='bbox 165 2344 267 2390; x_wconf 88' lang='lat' dir='ltr'>apud</span> <span class='ocrx_word' id='word_1_479' title='bbox 279 2343 508 2390; x_wconf 75' lang='lat' dir='ltr'>visigothos.</span> <span class='ocrx_word' id='word_1_480' title='bbox 547 2343 706 2380; x_wconf 91' lang='lat' dir='ltr'>Omnino</span> <span class='ocrx_word' id='word_1_481' title='bbox 725 2343 1049 2389; x_wconf 87' lang='lat' dir='ltr'>reprehendendus</span> <span class='ocrx_word' id='word_1_482' title='bbox 1074 2344 1129 2378; x_wconf 86' lang='lat' dir='ltr'>est</span> <span class='ocrx_word' id='word_1_483' title='bbox 1155 2353 1315 2387; x_wconf 87' lang='lat' dir='ltr'>nuperus</span> <span class='ocrx_word' id='word_1_484' title='bbox 1340 2341 1464 2386; x_wconf 85' lang='lat' dir='ltr'>legum</span> <span class='ocrx_word' id='word_1_485' title='bbox 1482 2339 1785 2386; x_wconf 83' lang='lat' dir='ltr'>Burgundionum</span> <span class='ocrx_word' id='word_1_486' title='bbox 1807 2339 1926 2374; x_wconf 85' lang='lat' dir='ltr'>editor</span> <span class='ocrx_word' id='word_1_487' title='bbox 1943 2338 1981 2373; x_wconf 90' lang='lat' dir='ltr'>in</span> <span class='ocrx_word' id='word_1_488' title='bbox 2001 2350 2092 2374; x_wconf 86' lang='lat' dir='ltr'>com-</span> 
     </span>
     <span class='ocr_line' id='line_1_39' title="bbox 164 2396 2091 2447; baseline -0.003 -11"><span class='ocrx_word' id='word_1_489' title='bbox 164 2400 357 2437; x_wconf 88' lang='lat' dir='ltr'>mentariis</span> <span class='ocrx_word' id='word_1_490' title='bbox 387 2401 462 2437; x_wconf 87' lang='lat' dir='ltr'>suis</span> <span class='ocrx_word' id='word_1_491' title='bbox 494 2401 842 2447; x_wconf 84' lang='lat' dir='ltr'>interpretationem</span> <span class='ocrx_word' id='word_1_492' title='bbox 868 2400 1121 2436; x_wconf 87' lang='lat' dir='ltr'>Alaricianam</span> <span class='ocrx_word' id='word_1_493' title='bbox 1154 2399 1274 2445; x_wconf 89' lang='lat' dir='ltr'>magis</span> <span class='ocrx_word' id='word_1_494' title='bbox 1305 2398 1506 2444; x_wconf 85' lang='lat' dir='ltr'>respiciens</span> <span class='ocrx_word' id='word_1_495' title='bbox 1531 2410 1642 2442; x_wconf 85' lang='lat' dir='ltr'>quam</span> <span class='ocrx_word' id='word_1_496' title='bbox 1668 2396 1952 2433; x_wconf 86' lang='lat' dir='ltr'>constitutiones</span> <span class='ocrx_word' id='word_1_497' title='bbox 1982 2397 2091 2442; x_wconf 84' lang='lat' dir='ltr'>ipsas.</span> 
     </span>
    </p>

    <p class='ocr_par' dir='ltr' id='par_1_4' title="bbox 164 2454 2094 3132">
     <span class='ocr_line' id='line_1_40' title="bbox 279 2454 2092 2505; baseline -0.003 -11"><span class='ocrx_word' id='word_1_498' title='bbox 279 2459 380 2495; x_wconf 91' lang='lat' dir='ltr'>VIII.</span> <span class='ocrx_word' id='word_1_499' title='bbox 415 2459 541 2495; x_wconf 80' lang='lat' dir='ltr'>Edicti</span> <span class='ocrx_word' id='word_1_500' title='bbox 557 2459 778 2495; x_wconf 89' lang='lat' dir='ltr'>Theoderici</span> <span class='ocrx_word' id='word_1_501' title='bbox 803 2458 901 2505; x_wconf 86' lang='lat' dir='ltr'>regis</span> <span class='ocrx_word' id='word_1_502' title='bbox 926 2458 1062 2494; x_wconf 87' lang='lat' dir='ltr'>Italiae</span> <span class='ocrx_word' id='word_1_503' title='bbox 1089 2460 1123 2501; x_wconf 87' lang='lat'>(†</span> <span class='ocrx_word' id='word_1_504' title='bbox 1140 2458 1233 2500; x_wconf 87' lang='grc'>526),</span> <span class='ocrx_word' id='word_1_505' title='bbox 1260 2457 1357 2501; x_wconf 84' lang='lat' dir='ltr'>quod</span> <span class='ocrx_word' id='word_1_506' title='bbox 1382 2468 1426 2492; x_wconf 85' lang='lat' dir='ltr'>ex</span> <span class='ocrx_word' id='word_1_507' title='bbox 1453 2455 1578 2492; x_wconf 89' lang='lat' dir='ltr'>codice</span> <span class='ocrx_word' id='word_1_508' title='bbox 1603 2455 1808 2491; x_wconf 84' lang='lat' dir='ltr'>Pithoeano</span> <span class='ocrx_word' id='word_1_509' title='bbox 1832 2454 1941 2490; x_wconf 86' lang='lat' dir='ltr'>hodie</span> <span class='ocrx_word' id='word_1_510' title='bbox 1967 2455 2092 2500; x_wconf 85' lang='lat' dir='ltr'>deper-</span> 
     </span>
     <span class='ocr_line' id='line_1_41' title="bbox 165 2513 2094 2562; baseline -0.003 -10"><span class='ocrx_word' id='word_1_511' title='bbox 165 2517 245 2553; x_wconf 87' lang='lat' dir='ltr'>dito</span> <span class='ocrx_word' id='word_1_512' title='bbox 269 2518 356 2562; x_wconf 90' lang='lat' dir='ltr'>post</span> <span class='ocrx_word' id='word_1_513' title='bbox 379 2517 473 2552; x_wconf 88' lang='lat' dir='ltr'>alios</span> <span class='ocrx_word' id='word_1_514' title='bbox 502 2516 623 2553; x_wconf 86' lang='lat' dir='ltr'>edidit</span> <span class='ocrx_word' id='word_1_515' title='bbox 647 2516 844 2552; x_wconf 89' lang='lat' dir='ltr'>Bluhmius</span> <span class='ocrx_word' id='word_1_516' title='bbox 869 2516 965 2560; x_wconf 81' lang='lat' dir='ltr'>(MG.</span> <span class='ocrx_word' id='word_1_517' title='bbox 985 2516 1054 2551; x_wconf 88' lang='lat' dir='ltr'>LL.</span> <span class='ocrx_word' id='word_1_518' title='bbox 1072 2518 1092 2551; x_wconf 85' lang='lat'>5</span> <span class='ocrx_word' id='word_1_519' title='bbox 1119 2528 1154 2561; x_wconf 91' lang='lat' dir='ltr'>p.</span> <span class='ocrx_word' id='word_1_520' title='bbox 1176 2516 1240 2550; x_wconf 85' lang='lat'>145</span> <span class='ocrx_word' id='word_1_521' title='bbox 1255 2516 1361 2559; x_wconf 67' lang='lat' dir='ltr'>seq),</span> <span class='ocrx_word' id='word_1_522' title='bbox 1393 2515 1522 2549; x_wconf 86' lang='lat' dir='ltr'>auctor</span> <span class='ocrx_word' id='word_1_523' title='bbox 1547 2524 1773 2557; x_wconf 86' lang='lat' dir='ltr'>quamquam</span> <span class='ocrx_word' id='word_1_524' title='bbox 1798 2513 2094 2548; x_wconf 85' lang='lat' dir='ltr'>Theodosianum</span> 
     </span>
     <span class='ocr_line' id='line_1_42' title="bbox 164 2569 2093 2622; baseline -0.003 -12"><span class='ocrx_word' id='word_1_525' title='bbox 164 2586 347 2620; x_wconf 88' lang='lat' dir='ltr'>nusquam</span> <span class='ocrx_word' id='word_1_526' title='bbox 378 2575 551 2622; x_wconf 86' lang='lat' dir='ltr'>adlegat,</span> <span class='ocrx_word' id='word_1_527' title='bbox 585 2575 763 2620; x_wconf 88' lang='lat' dir='ltr'>pleraque</span> <span class='ocrx_word' id='word_1_528' title='bbox 795 2574 882 2609; x_wconf 90' lang='lat' dir='ltr'>inde</span> <span class='ocrx_word' id='word_1_529' title='bbox 907 2577 1100 2610; x_wconf 85' lang='lat' dir='ltr'>mutuatus</span> <span class='ocrx_word' id='word_1_530' title='bbox 1125 2575 1182 2609; x_wconf 84' lang='lat' dir='ltr'>est</span> <span class='ocrx_word' id='word_1_531' title='bbox 1213 2575 1251 2608; x_wconf 89' lang='lat' dir='ltr'>et</span> <span class='ocrx_word' id='word_1_532' title='bbox 1282 2572 1421 2618; x_wconf 85' lang='lat' dir='ltr'>passim</span> <span class='ocrx_word' id='word_1_533' title='bbox 1445 2584 1531 2606; x_wconf 85' lang='lat' dir='ltr'>usus</span> <span class='ocrx_word' id='word_1_534' title='bbox 1557 2569 1887 2606; x_wconf 85' lang='lat' dir='ltr'>constitutionibus</span> <span class='ocrx_word' id='word_1_535' title='bbox 1912 2570 1950 2604; x_wconf 90' lang='lat' dir='ltr'>in</span> <span class='ocrx_word' id='word_1_536' title='bbox 1976 2570 2093 2605; x_wconf 89' lang='lat' dir='ltr'>brevi-</span> 
     </span>
     <span class='ocr_line' id='line_1_43' title="bbox 165 2627 2093 2678; baseline -0.005 -9"><span class='ocrx_word' id='word_1_537' title='bbox 165 2632 284 2668; x_wconf 86' lang='lat' dir='ltr'>arium</span> <span class='ocrx_word' id='word_1_538' title='bbox 309 2645 382 2668; x_wconf 91' lang='lat' dir='ltr'>non</span> <span class='ocrx_word' id='word_1_539' title='bbox 403 2632 564 2678; x_wconf 88' lang='lat' dir='ltr'>receptis</span> <span class='ocrx_word' id='word_1_540' title='bbox 582 2632 731 2676; x_wconf 81' lang='lat'>(8‚12,8</span> <span class='ocrx_word' id='word_1_541' title='bbox 748 2653 790 2657; x_wconf 91' lang='lat'>-—</span> <span class='ocrx_word' id='word_1_542' title='bbox 810 2633 841 2674; x_wconf 89' lang='grc'>9,</span> <span class='ocrx_word' id='word_1_543' title='bbox 856 2633 910 2673; x_wconf 83' lang='grc'>27,</span> <span class='ocrx_word' id='word_1_544' title='bbox 926 2633 946 2667; x_wconf 90' lang='grc'>2</span> <span class='ocrx_word' id='word_1_545' title='bbox 966 2652 1006 2657; x_wconf 89' lang='grc'>-</span> <span class='ocrx_word' id='word_1_546' title='bbox 1025 2633 1057 2674; x_wconf 87' lang='grc'>9,</span> <span class='ocrx_word' id='word_1_547' title='bbox 1072 2632 1126 2673; x_wconf 88' lang='grc'>42,</span> <span class='ocrx_word' id='word_1_548' title='bbox 1141 2632 1162 2666; x_wconf 92' lang='grc'>2</span> <span class='ocrx_word' id='word_1_549' title='bbox 1181 2651 1222 2656; x_wconf 90' lang='grc'>-</span> <span class='ocrx_word' id='word_1_550' title='bbox 1241 2631 1271 2672; x_wconf 91' lang='grc'>9,</span> <span class='ocrx_word' id='word_1_551' title='bbox 1284 2631 1338 2671; x_wconf 86' lang='grc'>42,</span> <span class='ocrx_word' id='word_1_552' title='bbox 1354 2631 1398 2665; x_wconf 88' lang='grc'>24</span> <span class='ocrx_word' id='word_1_553' title='bbox 1416 2651 1461 2654; x_wconf 89' lang='grc'>-</span> <span class='ocrx_word' id='word_1_554' title='bbox 1478 2631 1508 2670; x_wconf 92' lang='lat'>9,</span> <span class='ocrx_word' id='word_1_555' title='bbox 1523 2630 1611 2670; x_wconf 88' lang='grc'>45,1</span> <span class='ocrx_word' id='word_1_556' title='bbox 1632 2648 1674 2653; x_wconf 90' lang='grc'><strong>-</strong></span> <span class='ocrx_word' id='word_1_557' title='bbox 1692 2627 1821 2669; x_wconf 79' lang='grc'>9,45,3</span> <span class='ocrx_word' id='word_1_558' title='bbox 1841 2647 1880 2652; x_wconf 82' lang='grc'><strong>-</strong></span> <span class='ocrx_word' id='word_1_559' title='bbox 1900 2629 1930 2669; x_wconf 93' lang='lat'>9,</span> <span class='ocrx_word' id='word_1_560' title='bbox 1941 2628 1995 2671; x_wconf 83' lang='grc'>45,</span> <span class='ocrx_word' id='word_1_561' title='bbox 2010 2629 2030 2661; x_wconf 77' lang='lat'><strong>5</strong></span> <span class='ocrx_word' id='word_1_562' title='bbox 2049 2649 2093 2653; x_wconf 94' lang='lat'>—-</span> 
     </span>
     <span class='ocr_line' id='line_1_44' title="bbox 167 2681 2090 2733; baseline -0.004 -7"><span class='ocrx_word' id='word_1_563' title='bbox 167 2691 323 2732; x_wconf 89' lang='lat'>10,10‚4</span> <span class='ocrx_word' id='word_1_564' title='bbox 345 2681 391 2716; x_wconf 54' lang='lat'>4-</span> <span class='ocrx_word' id='word_1_565' title='bbox 417 2691 469 2733; x_wconf 92' lang='grc'>11,</span> <span class='ocrx_word' id='word_1_566' title='bbox 484 2691 515 2732; x_wconf 83' lang='grc'>8,</span> <span class='ocrx_word' id='word_1_567' title='bbox 533 2692 549 2725; x_wconf 94' lang='lat'>1</span> <span class='ocrx_word' id='word_1_568' title='bbox 577 2710 622 2716; x_wconf 89' lang='lat'>—-</span> <span class='ocrx_word' id='word_1_569' title='bbox 649 2690 782 2732; x_wconf 80' lang='lat'>11,8‚3</span> <span class='ocrx_word' id='word_1_570' title='bbox 807 2710 850 2715; x_wconf 86' lang='lat'>—</span> <span class='ocrx_word' id='word_1_571' title='bbox 879 2691 930 2731; x_wconf 90' lang='grc'>11,</span> <span class='ocrx_word' id='word_1_572' title='bbox 945 2690 1000 2733; x_wconf 80' lang='lat'>30,</span> <span class='ocrx_word' id='word_1_573' title='bbox 1015 2690 1059 2725; x_wconf 89' lang='grc'>22</span> <span class='ocrx_word' id='word_1_574' title='bbox 1085 2709 1128 2714; x_wconf 93' lang='lat'>—-</span> <span class='ocrx_word' id='word_1_575' title='bbox 1156 2689 1336 2731; x_wconf 78' lang='lat'>11‚30,49</span> <span class='ocrx_word' id='word_1_576' title='bbox 1366 2708 1403 2712; x_wconf 97' lang='lat'><strong>—</strong></span> <span class='ocrx_word' id='word_1_577' title='bbox 1433 2686 1592 2730; x_wconf 73' lang='lat'>12,6,18</span> <span class='ocrx_word' id='word_1_578' title='bbox 1617 2706 1661 2711; x_wconf 86' lang='lat'><strong>—</strong></span> <span class='ocrx_word' id='word_1_579' title='bbox 1686 2686 1774 2720; x_wconf 88' lang='lat' dir='ltr'>Iust.</span> <span class='ocrx_word' id='word_1_580' title='bbox 1797 2687 1828 2726; x_wconf 85' lang='lat'>5,</span> <span class='ocrx_word' id='word_1_581' title='bbox 1844 2686 1906 2727; x_wconf 86' lang='lat'>9,1</span> <span class='ocrx_word' id='word_1_582' title='bbox 1936 2706 1978 2710; x_wconf 97' lang='lat'><strong>—</strong></span> <span class='ocrx_word' id='word_1_583' title='bbox 2004 2685 2090 2720; x_wconf 79' lang='lat' dir='ltr'>lust.</span> 
     </span>
     <span class='ocr_line' id='line_1_45' title="bbox 165 2743 2092 2793; baseline -0.005 -8"><span class='ocrx_word' id='word_1_584' title='bbox 165 2751 197 2791; x_wconf 88' lang='grc'>6,</span> <span class='ocrx_word' id='word_1_585' title='bbox 214 2749 280 2792; x_wconf 89' lang='grc'>1,4</span> <span class='ocrx_word' id='word_1_586' title='bbox 305 2769 347 2774; x_wconf 89' lang='grc'><strong>-</strong></span> <span class='ocrx_word' id='word_1_587' title='bbox 373 2750 462 2784; x_wconf 86' lang='lat' dir='ltr'>Iust.</span> <span class='ocrx_word' id='word_1_588' title='bbox 476 2749 507 2791; x_wconf 90' lang='lat'>6,</span> <span class='ocrx_word' id='word_1_589' title='bbox 520 2749 574 2790; x_wconf 83' lang='lat'>56,</span> <span class='ocrx_word' id='word_1_590' title='bbox 586 2749 632 2793; x_wconf 89' lang='lat'>4).</span> <span class='ocrx_word' id='word_1_591' title='bbox 675 2748 758 2783; x_wconf 85' lang='lat' dir='ltr'>Una</span> <span class='ocrx_word' id='word_1_592' title='bbox 783 2760 867 2783; x_wconf 88' lang='lat' dir='ltr'>cum</span> <span class='ocrx_word' id='word_1_593' title='bbox 892 2747 1038 2793; x_wconf 85' lang='lat' dir='ltr'>integro</span> <span class='ocrx_word' id='word_1_594' title='bbox 1065 2746 1189 2782; x_wconf 80' lang='lat' dir='ltr'>codice</span> <span class='ocrx_word' id='word_1_595' title='bbox 1215 2746 1328 2782; x_wconf 85' lang='lat' dir='ltr'>etiam</span> <span class='ocrx_word' id='word_1_596' title='bbox 1354 2744 1542 2791; x_wconf 86' lang='lat' dir='ltr'>epitomen</span> <span class='ocrx_word' id='word_1_597' title='bbox 1556 2743 1830 2788; x_wconf 78' lang='lat' dir='ltr'>Visigothicani</span> <span class='ocrx_word' id='word_1_598' title='bbox 1856 2743 2092 2787; x_wconf 83' lang='lat' dir='ltr'>adsumptam</span> 
     </span>
     <span class='ocr_line' id='line_1_46' title="bbox 165 2800 2092 2852; baseline -0.004 -10"><span class='ocrx_word' id='word_1_599' title='bbox 165 2819 242 2842; x_wconf 90' lang='lat' dir='ltr'>esse</span> <span class='ocrx_word' id='word_1_600' title='bbox 276 2818 503 2852; x_wconf 89' lang='lat' dir='ltr'>quamquam</span> <span class='ocrx_word' id='word_1_601' title='bbox 536 2809 742 2852; x_wconf 89' lang='lat' dir='ltr'>temporum</span> <span class='ocrx_word' id='word_1_602' title='bbox 777 2805 940 2842; x_wconf 86' lang='lat' dir='ltr'>rationes</span> <span class='ocrx_word' id='word_1_603' title='bbox 973 2805 1128 2840; x_wconf 86' lang='lat' dir='ltr'>fortasse</span> <span class='ocrx_word' id='word_1_604' title='bbox 1160 2803 1382 2844; x_wconf 88' lang='lat' dir='ltr'>admittunt,</span> <span class='ocrx_word' id='word_1_605' title='bbox 1427 2814 1559 2847; x_wconf 89' lang='lat' dir='ltr'>parum</span> <span class='ocrx_word' id='word_1_606' title='bbox 1591 2800 1790 2836; x_wconf 87' lang='lat' dir='ltr'>verisimile</span> <span class='ocrx_word' id='word_1_607' title='bbox 1824 2803 1880 2836; x_wconf 87' lang='lat' dir='ltr'>est</span> <span class='ocrx_word' id='word_1_608' title='bbox 1913 2801 1959 2843; x_wconf 91' lang='lat' dir='ltr'>(v.</span> <span class='ocrx_word' id='word_1_609' title='bbox 1984 2800 2092 2834; x_wconf 89' lang='lat' dir='ltr'>Dahn</span> 
     </span>
     <span class='ocr_line' id='line_1_47' title="bbox 167 2857 2091 2910; baseline -0.005 -10"><span class='ocrx_word' id='word_1_610' title='bbox 167 2864 310 2910; x_wconf 70' lang='lat' dir='ltr'>Ko&#39;niye</span> <span class='ocrx_word' id='word_1_611' title='bbox 331 2864 393 2899; x_wconf 79' lang='lat' dir='ltr'>der</span> <span class='ocrx_word' id='word_1_612' title='bbox 411 2864 617 2900; x_wconf 79' lang='lat' dir='ltr'>Germanen</span> <span class='ocrx_word' id='word_1_613' title='bbox 639 2865 670 2908; x_wconf 87' lang='lat'>4,</span> <span class='ocrx_word' id='word_1_614' title='bbox 684 2864 705 2899; x_wconf 86' lang='lat'>8</span> <span class='ocrx_word' id='word_1_615' title='bbox 719 2876 809 2908; x_wconf 82' lang='lat' dir='ltr'>seq.;</span> <span class='ocrx_word' id='word_1_616' title='bbox 834 2864 993 2898; x_wconf 89' lang='lat' dir='ltr'>Bluhme</span> <span class='ocrx_word' id='word_1_617' title='bbox 1018 2863 1040 2897; x_wconf 93' lang='grc'>1.</span> <span class='ocrx_word' id='word_1_618' title='bbox 1060 2875 1088 2897; x_wconf 88' lang='lat' dir='ltr'>c.</span> <span class='ocrx_word' id='word_1_619' title='bbox 1108 2874 1144 2907; x_wconf 91' lang='lat' dir='ltr'>p.</span> <span class='ocrx_word' id='word_1_620' title='bbox 1161 2863 1251 2905; x_wconf 81' lang='lat'>145),</span> <span class='ocrx_word' id='word_1_621' title='bbox 1277 2872 1503 2905; x_wconf 81' lang='lat' dir='ltr'>quamquam</span> <span class='ocrx_word' id='word_1_622' title='bbox 1526 2858 1748 2903; x_wconf 84' lang='lat' dir='ltr'>quibusdam</span> <span class='ocrx_word' id='word_1_623' title='bbox 1773 2857 1864 2892; x_wconf 87' lang='lat' dir='ltr'>locis</span> <span class='ocrx_word' id='word_1_624' title='bbox 1883 2857 1927 2899; x_wconf 87' lang='grc'>(2,</span> <span class='ocrx_word' id='word_1_625' title='bbox 1944 2857 1995 2898; x_wconf 75' lang='grc'>13,</span> <span class='ocrx_word' id='word_1_626' title='bbox 2013 2858 2028 2891; x_wconf 99' lang='lat'>1</span> <span class='ocrx_word' id='word_1_627' title='bbox 2049 2877 2091 2881; x_wconf 92' lang='lat'>—</span> 
     </span>
     <span class='ocr_line' id='line_1_48' title="bbox 165 2915 2091 2964; baseline -0.005 -6"><span class='ocrx_word' id='word_1_628' title='bbox 165 2921 295 2964; x_wconf 87' lang='lat'>3‚16‚1</span> <span class='ocrx_word' id='word_1_629' title='bbox 323 2941 365 2947; x_wconf 90' lang='lat'>—</span> <span class='ocrx_word' id='word_1_630' title='bbox 391 2923 423 2963; x_wconf 85' lang='lat'>5,</span> <span class='ocrx_word' id='word_1_631' title='bbox 437 2921 469 2964; x_wconf 81' lang='grc'>3,</span> <span class='ocrx_word' id='word_1_632' title='bbox 490 2923 506 2957; x_wconf 98' lang='lat'>1</span> <span class='ocrx_word' id='word_1_633' title='bbox 533 2943 577 2948; x_wconf 93' lang='lat'>-—</span> <span class='ocrx_word' id='word_1_634' title='bbox 601 2922 633 2963; x_wconf 90' lang='lat'>9,</span> <span class='ocrx_word' id='word_1_635' title='bbox 649 2922 703 2963; x_wconf 84' lang='lat'>24,</span> <span class='ocrx_word' id='word_1_636' title='bbox 720 2923 737 2956; x_wconf 95' lang='lat'>1</span> <span class='ocrx_word' id='word_1_637' title='bbox 763 2942 807 2946; x_wconf 85' lang='lat'>—-</span> <span class='ocrx_word' id='word_1_638' title='bbox 832 2922 863 2962; x_wconf 89' lang='lat'>9,</span> <span class='ocrx_word' id='word_1_639' title='bbox 882 2921 936 2962; x_wconf 89' lang='grc'>24,</span> <span class='ocrx_word' id='word_1_640' title='bbox 951 2919 986 2964; x_wconf 83' lang='grc'>3)</span> <span class='ocrx_word' id='word_1_641' title='bbox 1024 2917 1287 2964; x_wconf 86' lang='lat' dir='ltr'>interpretatio</span> <span class='ocrx_word' id='word_1_642' title='bbox 1325 2920 1362 2952; x_wconf 91' lang='lat' dir='ltr'>et</span> <span class='ocrx_word' id='word_1_643' title='bbox 1397 2916 1557 2952; x_wconf 86' lang='lat' dir='ltr'>edictum</span> <span class='ocrx_word' id='word_1_644' title='bbox 1593 2916 1640 2951; x_wconf 88' lang='lat' dir='ltr'>ad</span> <span class='ocrx_word' id='word_1_645' title='bbox 1675 2915 1824 2950; x_wconf 90' lang='lat' dir='ltr'>verbum</span> <span class='ocrx_word' id='word_1_646' title='bbox 1859 2926 1978 2959; x_wconf 88' lang='lat' dir='ltr'>paene</span> <span class='ocrx_word' id='word_1_647' title='bbox 2009 2926 2091 2948; x_wconf 90' lang='lat' dir='ltr'>con-</span> 
     </span>
     <span class='ocr_line' id='line_1_49' title="bbox 165 2971 2090 3023; baseline -0.005 -8"><span class='ocrx_word' id='word_1_648' title='bbox 165 2980 329 3015; x_wconf 87' lang='lat' dir='ltr'>cordant.</span> <span class='ocrx_word' id='word_1_649' title='bbox 386 2979 445 3014; x_wconf 88' lang='lat' dir='ltr'>Ad</span> <span class='ocrx_word' id='word_1_650' title='bbox 475 2979 763 3016; x_wconf 90' lang='lat' dir='ltr'>constitutiones</span> <span class='ocrx_word' id='word_1_651' title='bbox 799 2991 877 3020; x_wconf 81' lang='lat' dir='ltr'>eaS,</span> <span class='ocrx_word' id='word_1_652' title='bbox 915 2990 1008 3023; x_wconf 85' lang='lat' dir='ltr'>quas</span> <span class='ocrx_word' id='word_1_653' title='bbox 1043 2979 1189 3012; x_wconf 90' lang='lat' dir='ltr'>constat</span> <span class='ocrx_word' id='word_1_654' title='bbox 1224 2975 1337 3011; x_wconf 88' lang='lat' dir='ltr'>edicti</span> <span class='ocrx_word' id='word_1_655' title='bbox 1372 2975 1588 3020; x_wconf 87' lang='lat' dir='ltr'>scriptorem</span> <span class='ocrx_word' id='word_1_656' title='bbox 1626 2976 1712 3008; x_wconf 88' lang='lat' dir='ltr'>ante</span> <span class='ocrx_word' id='word_1_657' title='bbox 1748 2972 1873 3007; x_wconf 86' lang='lat' dir='ltr'>oculos</span> <span class='ocrx_word' id='word_1_658' title='bbox 1906 2971 2090 3012; x_wconf 83' lang='lat' dir='ltr'>habuisse,</span> 
     </span>
     <span class='ocr_line' id='line_1_50' title="bbox 166 3029 2093 3084; baseline -0.005 -11"><span class='ocrx_word' id='word_1_659' title='bbox 166 3037 295 3084; x_wconf 87' lang='lat' dir='ltr'>capita</span> <span class='ocrx_word' id='word_1_660' title='bbox 320 3036 614 3073; x_wconf 87' lang='lat' dir='ltr'>Theodericiana</span> <span class='ocrx_word' id='word_1_661' title='bbox 645 3036 841 3082; x_wconf 87' lang='lat' dir='ltr'>adscripsi,</span> <span class='ocrx_word' id='word_1_662' title='bbox 876 3047 1101 3080; x_wconf 84' lang='lat' dir='ltr'>quamquam</span> <span class='ocrx_word' id='word_1_663' title='bbox 1131 3035 1178 3069; x_wconf 86' lang='lat' dir='ltr'>ad</span> <span class='ocrx_word' id='word_1_664' title='bbox 1212 3033 1322 3069; x_wconf 89' lang='lat' dir='ltr'>crisin</span> <span class='ocrx_word' id='word_1_665' title='bbox 1356 3044 1399 3068; x_wconf 89' lang='lat' dir='ltr'>ea</span> <span class='ocrx_word' id='word_1_666' title='bbox 1432 3032 1492 3067; x_wconf 86' lang='lat' dir='ltr'>vix</span> <span class='ocrx_word' id='word_1_667' title='bbox 1524 3032 1638 3067; x_wconf 84' lang='lat' dir='ltr'>ullam</span> <span class='ocrx_word' id='word_1_668' title='bbox 1671 3030 1876 3065; x_wconf 86' lang='lat' dir='ltr'>utilitatem</span> <span class='ocrx_word' id='word_1_669' title='bbox 1910 3029 2093 3074; x_wconf 86' lang='lat' dir='ltr'>praebent</span> 
     </span>
     <span class='ocr_line' id='line_1_51' title="bbox 167 3093 1044 3132; baseline -0.002 -3"><span class='ocrx_word' id='word_1_670' title='bbox 167 3095 290 3131; x_wconf 85' lang='lat' dir='ltr'>verbis</span> <span class='ocrx_word' id='word_1_671' title='bbox 313 3095 430 3132; x_wconf 88' lang='lat' dir='ltr'>libere</span> <span class='ocrx_word' id='word_1_672' title='bbox 454 3095 611 3130; x_wconf 87' lang='lat' dir='ltr'>redditis</span> <span class='ocrx_word' id='word_1_673' title='bbox 636 3097 674 3131; x_wconf 89' lang='lat' dir='ltr'>et</span> <span class='ocrx_word' id='word_1_674' title='bbox 699 3094 854 3130; x_wconf 88' lang='lat' dir='ltr'>subinde</span> <span class='ocrx_word' id='word_1_675' title='bbox 879 3093 1044 3128; x_wconf 83' lang='lat' dir='ltr'>mutatis.</span> 
     </span>
    </p>

    <p class='ocr_par' dir='ltr' id='par_1_5' title="bbox 165 3142 2092 3428">
     <span class='ocr_line' id='line_1_52' title="bbox 283 3142 2090 3188; baseline -0.006 -1"><span class='ocrx_word' id='word_1_676' title='bbox 283 3152 346 3188; x_wconf 88' lang='lat' dir='ltr'>IX.</span> <span class='ocrx_word' id='word_1_677' title='bbox 386 3152 579 3187; x_wconf 86' lang='lat' dir='ltr'>Maximini</span> <span class='ocrx_word' id='word_1_678' title='bbox 597 3151 811 3188; x_wconf 89' lang='lat' dir='ltr'>dissertatio</span> <span class='ocrx_word' id='word_1_679' title='bbox 837 3154 965 3187; x_wconf 89' lang='lat' dir='ltr'>contra</span> <span class='ocrx_word' id='word_1_680' title='bbox 984 3149 1216 3185; x_wconf 86' lang='lat' dir='ltr'>Ambrosium</span> <span class='ocrx_word' id='word_1_681' title='bbox 1241 3147 1433 3184; x_wconf 86' lang='lat' dir='ltr'>continens</span> <span class='ocrx_word' id='word_1_682' title='bbox 1456 3146 1706 3182; x_wconf 88' lang='lat' dir='ltr'>narrationem</span> <span class='ocrx_word' id='word_1_683' title='bbox 1731 3145 1774 3181; x_wconf 87' lang='lat' dir='ltr'>de</span> <span class='ocrx_word' id='word_1_684' title='bbox 1801 3144 1958 3180; x_wconf 84' lang='lat' dir='ltr'>concilio</span> <span class='ocrx_word' id='word_1_685' title='bbox 1979 3142 2090 3188; x_wconf 85' lang='lat' dir='ltr'>Aqui-</span> 
     </span>
     <span class='ocr_line' id='line_1_53' title="bbox 166 3201 2090 3254; baseline -0.006 -8"><span class='ocrx_word' id='word_1_686' title='bbox 166 3209 263 3246; x_wconf 85' lang='lat' dir='ltr'>leiae</span> <span class='ocrx_word' id='word_1_687' title='bbox 293 3221 326 3245; x_wconf 86' lang='lat' dir='ltr'>a.</span> <span class='ocrx_word' id='word_1_688' title='bbox 345 3203 410 3245; x_wconf 80' lang='lat'>381</span> <span class='ocrx_word' id='word_1_689' title='bbox 443 3209 576 3245; x_wconf 88' lang='lat' dir='ltr'>habito</span> <span class='ocrx_word' id='word_1_690' title='bbox 611 3212 650 3245; x_wconf 90' lang='lat' dir='ltr'>et</span> <span class='ocrx_word' id='word_1_691' title='bbox 685 3209 730 3246; x_wconf 90' lang='lat' dir='ltr'>de</span> <span class='ocrx_word' id='word_1_692' title='bbox 761 3209 875 3245; x_wconf 89' lang='lat' dir='ltr'>Ulfila</span> <span class='ocrx_word' id='word_1_693' title='bbox 905 3208 1098 3254; x_wconf 87' lang='lat' dir='ltr'>episcopo,</span> <span class='ocrx_word' id='word_1_694' title='bbox 1132 3218 1243 3251; x_wconf 86' lang='lat' dir='ltr'>quam</span> <span class='ocrx_word' id='word_1_695' title='bbox 1277 3217 1321 3241; x_wconf 88' lang='lat' dir='ltr'>ex</span> <span class='ocrx_word' id='word_1_696' title='bbox 1354 3205 1479 3240; x_wconf 90' lang='lat' dir='ltr'>codice</span> <span class='ocrx_word' id='word_1_697' title='bbox 1515 3203 1683 3239; x_wconf 88' lang='lat' dir='ltr'>Parisino</span> <span class='ocrx_word' id='word_1_698' title='bbox 1717 3201 1976 3246; x_wconf 87' lang='lat' dir='ltr'>antiquissimo</span> <span class='ocrx_word' id='word_1_699' title='bbox 2009 3201 2090 3235; x_wconf 91' lang='lat' dir='ltr'>Lat.</span> 
     </span>
     <span class='ocr_line' id='line_1_54' title="bbox 168 3258 2091 3313; baseline -0.006 -11"><span class='ocrx_word' id='word_1_700' title='bbox 168 3280 203 3302; x_wconf 88' lang='lat' dir='ltr'>n.</span> <span class='ocrx_word' id='word_1_701' title='bbox 220 3267 311 3302; x_wconf 83' lang='lat'>8907</span> <span class='ocrx_word' id='word_1_702' title='bbox 337 3268 394 3311; x_wconf 93' lang='lat'>(=</span> <span class='ocrx_word' id='word_1_703' title='bbox 420 3267 543 3313; x_wconf 87' lang='lat' dir='ltr'>suppl.</span> <span class='ocrx_word' id='word_1_704' title='bbox 561 3267 642 3302; x_wconf 85' lang='lat' dir='ltr'>Lat.</span> <span class='ocrx_word' id='word_1_705' title='bbox 662 3267 742 3311; x_wconf 87' lang='grc'>594)</span> <span class='ocrx_word' id='word_1_706' title='bbox 772 3266 913 3312; x_wconf 86' lang='lat' dir='ltr'>primus</span> <span class='ocrx_word' id='word_1_707' title='bbox 944 3264 1064 3301; x_wconf 90' lang='lat' dir='ltr'>edidit</span> <span class='ocrx_word' id='word_1_708' title='bbox 1089 3263 1268 3309; x_wconf 83' lang='lat' dir='ltr'>Georgius</span> <span class='ocrx_word' id='word_1_709' title='bbox 1286 3262 1411 3298; x_wconf 85' lang='lat' dir='ltr'>Waitz</span> <span class='ocrx_word' id='word_1_710' title='bbox 1436 3262 1536 3306; x_wconf 74' lang='lat' dir='ltr'>(iiber</span> <span class='ocrx_word' id='word_1_711' title='bbox 1559 3261 1624 3295; x_wconf 77' lang='lat' dir='ltr'>clas</span> <span class='ocrx_word' id='word_1_712' title='bbox 1649 3261 1766 3295; x_wconf 78' lang='lat' dir='ltr'>Leben</span> <span class='ocrx_word' id='word_1_713' title='bbox 1793 3259 1874 3293; x_wconf 74' lang='lat' dir='ltr'>und</span> <span class='ocrx_word' id='word_1_714' title='bbox 1898 3258 1953 3293; x_wconf 72' lang='lat' dir='ltr'>die</span> <span class='ocrx_word' id='word_1_715' title='bbox 1977 3258 2091 3292; x_wconf 74' lang='lat' dir='ltr'>Lehre</span> 
     </span>
     <span class='ocr_line' id='line_1_55' title="bbox 165 3315 2090 3371; baseline -0.006 -11"><span class='ocrx_word' id='word_1_716' title='bbox 165 3325 227 3360; x_wconf 75' lang='lat' dir='ltr'>des</span> <span class='ocrx_word' id='word_1_717' title='bbox 249 3325 362 3369; x_wconf 73' lang='lat' dir='ltr'>Ulffla</span> <span class='ocrx_word' id='word_1_718' title='bbox 386 3325 590 3371; x_wconf 83' lang='lat' dir='ltr'>Gottingae</span> <span class='ocrx_word' id='word_1_719' title='bbox 612 3316 728 3370; x_wconf 85' lang='lat'>1840),</span> <span class='ocrx_word' id='word_1_720' title='bbox 754 3336 872 3370; x_wconf 90' lang='lat' dir='ltr'>nuper</span> <span class='ocrx_word' id='word_1_721' title='bbox 896 3324 1085 3370; x_wconf 87' lang='lat' dir='ltr'>expletam</span> <span class='ocrx_word' id='word_1_722' title='bbox 1110 3325 1148 3358; x_wconf 89' lang='lat' dir='ltr'>et</span> <span class='ocrx_word' id='word_1_723' title='bbox 1173 3320 1458 3367; x_wconf 86' lang='lat' dir='ltr'>diligentissime</span> <span class='ocrx_word' id='word_1_724' title='bbox 1486 3318 1716 3364; x_wconf 88' lang='lat' dir='ltr'>recognitam</span> <span class='ocrx_word' id='word_1_725' title='bbox 1739 3315 1948 3353; x_wconf 84' lang='lat' dir='ltr'>Fridericus</span> <span class='ocrx_word' id='word_1_726' title='bbox 1966 3316 2090 3351; x_wconf 86' lang='lat' dir='ltr'>Kauff-</span> 
     </span>
     <span class='ocr_line' id='line_1_56' title="bbox 166 3374 2092 3428; baseline -0.006 -8"><span class='ocrx_word' id='word_1_727' title='bbox 166 3395 279 3420; x_wconf 84' lang='lat' dir='ltr'>mann</span> <span class='ocrx_word' id='word_1_728' title='bbox 303 3383 432 3428; x_wconf 72' lang='lat' dir='ltr'>(Texta</span> <span class='ocrx_word' id='word_1_729' title='bbox 461 3383 541 3418; x_wconf 82' lang='lat' dir='ltr'>uml</span> <span class='ocrx_word' id='word_1_730' title='bbox 571 3382 887 3427; x_wconf 72' lang='lat' dir='ltr'>Untersuchunqen</span> <span class='ocrx_word' id='word_1_731' title='bbox 915 3393 980 3416; x_wconf 80' lang='lat' dir='ltr'>zwr</span> <span class='ocrx_word' id='word_1_732' title='bbox 1007 3379 1319 3426; x_wconf 62' lang='lat' dir='ltr'>altgermanisclaen</span> <span class='ocrx_word' id='word_1_733' title='bbox 1345 3375 1714 3422; x_wconf 70' lang='lat' dir='ltr'>Reliqionsyeschiclzte</span> <span class='ocrx_word' id='word_1_734' title='bbox 1744 3375 1848 3410; x_wconf 89' lang='lat' dir='ltr'>vol.I</span> <span class='ocrx_word' id='word_1_735' title='bbox 1874 3374 2092 3419; x_wconf 83' lang='lat' dir='ltr'>Strassburg</span> 
     </span>
    </p>
   </div>
   <div class='ocr_carea' id='block_1_3' title="bbox 2116 563 2311 605">
    <p class='ocr_par' dir='ltr' id='par_1_6' title="bbox 2116 563 2311 605">
     <span class='ocr_line' id='line_1_57' title="bbox 2116 563 2311 605; baseline -0.005 -10"><span class='ocrx_word' id='word_1_736' title='bbox 2116 563 2188 596; x_wconf 69' lang='lat' dir='ltr'>Lea:</span> <span class='ocrx_word' id='word_1_737' title='bbox 2206 564 2311 605; x_wconf 64' lang='lat' dir='ltr'>lim-[J.</span> 
     </span>
    </p>
   </div>
   <div class='ocr_carea' id='block_1_4' title="bbox 2119 2457 2354 2536">
    <p class='ocr_par' dir='ltr' id='par_1_7' title="bbox 2119 2457 2354 2536">
     <span class='ocr_line' id='line_1_58' title="bbox 2119 2457 2354 2491; baseline 0.009 -2"><span class='ocrx_word' id='word_1_738' title='bbox 2119 2457 2226 2490; x_wconf 78' lang='lat' dir='ltr'>Edict.</span> <span class='ocrx_word' id='word_1_739' title='bbox 2247 2457 2354 2491; x_wconf 62' lang='lat' dir='ltr'>Theo-</span> 
     </span>
     <span class='ocr_line' id='line_1_59' title="bbox 2187 2503 2293 2536; baseline 0 0"><span class='ocrx_word' id='word_1_740' title='bbox 2187 2503 2293 2536; x_wconf 77' lang='lat' dir='ltr'>clerici</span> 
     </span>
    </p>
   </div>
   <div class='ocr_carea' id='block_1_5' title="bbox 2116 3150 2388 3239">
    <p class='ocr_par' dir='ltr' id='par_1_8' title="bbox 2116 3150 2388 3239">
     <span class='ocr_line' id='line_1_60' title="bbox 2116 3150 2388 3183; baseline 0.004 -1"><span class='ocrx_word' id='word_1_741' title='bbox 2116 3151 2329 3183; x_wconf 73' lang='lat' dir='ltr'>Maximinus</span> <span class='ocrx_word' id='word_1_742' title='bbox 2346 3150 2388 3183; x_wconf 82' lang='lat' dir='ltr'>de</span> 
     </span>
     <span class='ocr_line' id='line_1_61' title="bbox 2128 3197 2379 3239; baseline -0.004 -9"><span class='ocrx_word' id='word_1_743' title='bbox 2128 3197 2246 3230; x_wconf 80' lang='lat' dir='ltr'>concil.</span> <span class='ocrx_word' id='word_1_744' title='bbox 2263 3197 2379 3239; x_wconf 79' lang='lat' dir='ltr'>Aquil.</span> 
     </span>
    </p>
   </div>
  </div>
 </body>
</html>
