2501 3615
171 423 234 458 ΙΙΙ.

991 144 1031 149 -
1081 124 1191 160 CLIX
1242 145 1284 150 ——-

266 239 428 262 vacanea
456 226 534 260 visa
565 228 630 261 est.
682 227 709 260 A
739 227 1025 271 magistratuum
1059 228 1287 274 temporibus
1314 229 1602 265 determinandis
1633 232 1817 274 abstinui,
1851 246 1894 268 ne
1928 235 1973 269 ad
2005 247 2098 270 com-

264 283 464 320 mentarios
495 283 671 321 deferrer,
706 296 858 329 sperans
893 286 984 325 fore,
1022 287 1062 319 ut
1093 285 1294 330 aliquando
1324 287 1454 322 horum
1487 300 1631 332 quoque
1666 290 1894 324 saeculorum
1931 291 2097 327 idoneam

264 340 621 387 prosopographiam
648 341 913 377 nanciwanmr.
940 355 1034 386 quac
1061 344 1139 378 sola
1166 343 1223 378 liis
1249 345 1532 388 ‹piaestionibus
1558 347 1831 391 pertractandis
1857 351 1944 392 apta
1973 352 2038 384 est.

264 423 318 457 Ad
345 425 443 457 recte
470 420 722 457 adhibendum
749 422 970 456 laterculum
998 423 1148 457 tertium
1177 424 1462 460 constitutiones
1487 428 1763 461 enumerantem
1791 427 1917 463 ordine
1949 429 2098 463 chrono-

262 480 384 526 logico
411 480 571 515 tenenda
597 482 680 515 sunt
708 480 809 514 haec.

253 557 281 591 1.

243 1871 273 1905 §³¹

309 555 511 591 Ordinatus
546 558 598 590 est
637 555 840 590 laterculus
875 554 1050 599 primario
1087 555 1168 589 loco
1204 556 1250 590 ad
1286 556 1550 601 imperatorum
1587 558 1733 594 nomina
1769 559 2099 596 constitutionibus

306 613 548 660 praescripta,
575 625 670 658 quae
696 624 869 658 expressa
894 616 979 648 sunt
1005 611 1143 649 litteris
1169 613 1382 656 maioribus,
1408 615 1566 651 adiectis
1592 629 1658 661 pro
1678 616 1780 652 varia
1803 617 1963 653 lectione
1982 617 2098 653 diver-

306 670 484 706 sitatibus
510 670 804 716 inscriptionum.

304 739 528 777 secundario
560 740 639 774 loco
671 740 873 775 laterculus
905 739 1098 774 ordinatus
1129 742 1185 775 est
1216 741 1263 774 ad
1295 742 1477 785 consules,
1510 745 1551 779 nt
1583 743 1757 780 similiter
1788 743 1852 779 ubi
1884 744 1992 779 iniis
2018 745 2099 779 sub-

306 797 527 844 scriptiones
555 797 710 839 variant,
738 797 775 832 id
800 809 866 842 pro
893 797 996 832 varia
1022 797 1182 833 lectione
1210 798 1405 833 adiciatur.

306 867 421 907 Anni,
452 867 546 905 dies.
582 867 669 905 loci.
704 869 920 912 acceptores
953 866 1009 902 ita
1041 866 1079 901 in
1112 867 1335 903 laterculum
1361 869 1503 914 recepti
1531 873 1632 912 sunt,
1668 873 1710 906 ut
1744 871 1780 906 in
1812 871 1917 906 libris
1948 871 2099 917 scriptis

304 923 436 959 traditi
466 926 553 958 sunt·
583 923 732 959 adiecta
766 935 889 959 eorum
923 923 1027 959 varia
1059 924 1231 959 lectione.
1282 925 1338 960 Ad
1373 926 1528 962 eandem
1560 927 1865 964 constitutionem
1893 942 1987 973 quae
2021 943 2098 975 per-

304 982 467 1018 tinerent
500 983 709 1027 fragmenta
739 984 918 1025 quantum
952 981 1028 1017 fieri
1062 981 1188 1027 potuit
1223 982 1412 1024 coniunxi,
1447 996 1673 1029 quamquam
1709 986 1772 1020 ubi
1806 986 2097 1032 subscriptiones

304 1039 494 1080 differunt,
527 1039 699 1074 iunctura
723 1050 834 1084 saepe
860 1039 974 1074 dubia
1000 1042 1065 1075 est.
1115 1041 1172 1075 Ad
1198 1043 1322 1076 errata
1346 1041 1411 1076 ubi
1436 1041 1514 1077 fieri
1540 1042 1682 1087 potuit,
1711 1044 1922 1079 emendatio
1949 1045 2097 1081 adiecta

305 1100 362 1133 est
392 1096 492 1132 intra
524 1108 638 1131 uncos
669 1096 888 1141 quadratos,
922 1096 986 1132 ubi
1017 1097 1122 1132 nulla
1152 1099 1381 1143 suppetebat
1411 1099 1634 1144 probabilis,
1666 1100 1812 1146 signum
1846 1101 2098 1148 interrogandi

302 1155 393 1191 item
426 1154 526 1189 intra
558 1166 681 1189 uncos.
738 1154 879 1189 Causae
913 1155 1134 1190 emendandi
1167 1158 1234 1191 aut
1267 1155 1464 1192 dubitandi
1499 1160 1566 1193 aut
1599 1159 1647 1193 ad
1680 1159 1780 1204 ipsas
1814 1159 2098 1196 constitutiones

304 1212 468 1249 breviter
494 1211 682 1248 indicatae
708 1213 794 1247 sunt
819 1215 885 1248 aut
910 1211 947 1246 in
973 1212 1155 1248 laterculo
1182 1213 1402 1255 adnotatae,
1435 1214 1641 1251 minoribus
1668 1217 1808 1259 tamen,
1843 1217 2002 1252 maxime
2035 1218 2098 1252 ubi

304 1271 352 1306 ad
377 1282 518 1306 menses
544 1269 695 1315 diesque
720 1269 816 1305 solos
842 1269 1080 1315 perveniunt,
1106 1271 1326 1316 plerumque
1351 1272 1633 1317 praetermissis.
1683 1273 1890 1309 Iustiniana
1916 1287 1998 1310 cum
2023 1274 2099 1310 sint

303 1340 433 1374 parum
466 1330 568 1363 certa
601 1327 741 1370 omnia,
776 1327 1067 1364 auctoritatibus
1093 1328 1293 1375 adscriptis
1324 1342 1346 1364 a
1373 1330 1572 1366 dubitandi
1603 1332 1702 1368 notis
1728 1331 1905 1367 abstinui.
1932 1352 1974 1357 —
2001 1333 2098 1367 Vera

302 1398 380 1422 esse
406 1397 460 1427 ea,
487 1385 622 1430 quibus
647 1385 752 1420 nulla
776 1387 866 1421 nota
891 1385 1066 1431 adposita
1092 1389 1164 1428 est,
1191 1394 1427 1432 nequaquam
1453 1389 1636 1424 contendo
1662 1401 1750 1435 prae
1777 1401 1927 1424 numero
1953 1389 2098 1435 ingenti

303 1442 536 1478 luxationum
561 1445 600 1479 et
624 1442 823 1486 fraudium,
849 1455 968 1488 neque
994 1456 1104 1479 ausus
1130 1457 1220 1486 sum,
1246 1444 1282 1480 id
1303 1446 1401 1490 quod
1426 1445 1464 1480 in
1481 1446 1628 1492 legibus
1647 1447 1964 1484 Constantinianis
1989 1459 2098 1482 ausus

302 1504 359 1536 est
383 1500 558 1537 Seeckius
583 1501 806 1546 (Zeitschrift
831 1501 894 1536 der
919 1501 1267 1547 Saciyny-›Stiftwnq
1291 1504 1355 1546 sier
1379 1503 1712 1549 Rechtsqeschichte,
1736 1508 1820 1540 ro‘m.
1838 1504 1941 1539 Abtlz.
1969 1504 2040 1539 vol.
2058 1505 2098 1539 10

303 1570 335 1593 a.
353 1558 441 1594 1889
467 1571 503 1604 p.
525 1559 652 1593 1—44.
680 1559 876 1600 177-251,
902 1557 1062 1595 maxime
1088 1571 1123 1604 p.
1142 1559 1209 1595 207
1224 1561 1315 1604 seq.)
1339 1561 1471 1596 fortius
1489 1561 1621 1607 opinor
1639 1574 1751 1607 quam
1768 1561 1998 1608 prudentius,
2025 1573 2098 1597 cor-

301 1615 414 1652 rectis
438 1615 589 1652 traditis
614 1616 840 1652 laterculum
866 1628 1084 1662 componere
1110 1629 1219 1662 quem
1246 1630 1372 1654 verum
1396 1619 1662 1664 praedicarem.

305 1683 550 1730 Magistratus
577 1697 660 1720 cum
684 1684 722 1719 in
745 1684 1052 1730 inscriptionibus
1077 1685 1215 1731 passim
1234 1687 1432 1723 tradantur
1448 1687 1670 1733 imperfecti,
1697 1700 1758 1723 eos
1783 1687 1847 1723 ubi
1873 1688 1949 1724 fieri
1976 1689 2099 1734 potuit

305 1742 537 1788 explevimus
562 1742 831 1778 additamentis
857 1742 993 1778 clausis
1026 1743 1127 1779 intra
1158 1756 1269 1779 uncos
1295 1745 1513 1789 quadratos,
1546 1744 1707 1781 maxime
1739 1748 1781 1781 ut
1812 1746 2098 1783 constitutiones

302 1800 467 1846 partium
495 1800 710 1836 Occidentis
735 1802 773 1836 et
798 1800 963 1847 partium
989 1801 1151 1837 Orientis
1176 1801 1287 1838 facile
1313 1802 1642 1850 distinguerentur.

301 1869 594 1906 Constitutiones
611 1883 706 1915 quae
732 1882 870 1906 annum
891 1872 1033 1907 habeut
1058 1874 1124 1907 aut
1149 1871 1204 1907 ita
1230 1874 1445 1918 corruptum
1470 1872 1745 1915 mutilatumve‚
1771 1876 1814 1909 ut
1839 1873 2020 1910 laterculo
2046 1873 2096 1908 in-

301 1927 372 1964 seri
402 1940 474 1963 non
507 1931 646 1973 posset,
681 1931 747 1963 aut
777 1929 936 1970 nullum,
969 1940 1064 1973 quae
1095 1941 1200 1964 rarae
1226 1933 1311 1965 sunt
1341 1929 1376 1965 in
1405 1930 1680 1972 Theodosiano,
1713 1930 1751 1965 in
1777 1930 1984 1966 Iustiniano
2011 1944 2095 1966 vero

302 1984 495 2030 plurimae,
522 1985 567 2021 iis
592 1998 687 2031 quae
713 1985 811 2022 diem
836 1987 977 2022 habent
1002 1986 1248 2032 interpositae
1274 1991 1361 2024 sunt
1387 2001 1452 2034 per
1477 1987 1626 2035 singula
1651 1988 1818 2034 imperia.

303 2054 535 2099 Quamquam
559 2067 700 2091 summo
726 2068 810 2091 cum
830 2056 955 2091 fructu
973 2055 1038 2101 qui
1055 2055 1313 2092 Theodosiano
1338 2057 1458 2094 utitur
1474 2057 1585 2093 simul
1610 2057 1806 2093 adhibebit
1830 2070 1949 2093 rerum
1976 2061 2095 2104 gesta-

299 2124 381 2147 rum
398 2114 639 2155 enarratores,
665 2113 824 2149 maxime
843 2113 1171 2160 diligentissimum
1189 2114 1482 2158 Tillemontium,
1509 2115 1574 2160 qui
1599 2128 1673 2151 non
1699 2116 1818 2150 solum
1842 2115 1992 2161 scripsit
2010 2120 2095 2161 post

301 2169 579 2213 Gothofredum,
605 2171 670 2206 sed
694 2171 810 2206 etiam
827 2182 923 2216 quae
942 2170 1190 2207 Gothofredus
1214 2184 1280 2218 per
1305 2172 1470 2219 singulas
1496 2173 1599 2219 leges
1623 2172 1808 2218 dispersit,
1834 2172 1986 2209 meliore
2013 2186 2094 2209 con-

300 2227 384 2263 silio
415 2227 545 2263 iuncta
577 2228 766 2274 exposuit,
802 2228 897 2263 mihi
930 2241 952 2264 a
985 2229 1095 2264 rebus
1127 2230 1342 2265 enarrandis
1376 2230 1637 2267 abstinendum
1671 2229 1755 2266 fuit.
1811 2230 1941 2266 Nihilo
1974 2230 2094 2266 minus

300 2285 548 2321 necessarium
576 2286 694 2322 visum
721 2289 777 2323 est
801 2286 1068 2333 imperatorum
1095 2300 1162 2333 per
1186 2287 1351 2334 singulos
1377 2301 1492 2325 annos
1517 2291 1701 2334 quatenus
1732 2288 1810 2324 fieri
1835 2288 1961 2334 potuit
1987 2288 2093 2325 itine-

299 2341 389 2378 rarii
414 2342 533 2379 instar
557 2344 712 2389 aliquod
737 2346 931 2380 contexere
963 2344 1001 2379 in
1027 2344 1140 2381 tertio
1166 2348 1291 2381 nostro
1324 2346 1479 2382 elencho
1511 2346 1668 2392 singulis
1698 2345 1803 2381 annis
1835 2345 2092 2391 praemissum;

298 2412 386 2436 nam
415 2401 463 2436 ad
496 2401 786 2447 subscriptiones
815 2404 916 2437 recte
948 2403 1164 2438 tractandas
1195 2403 1269 2438 loci
1302 2403 1483 2449 adscripti
1514 2403 1749 2449 potissimum
1779 2403 1982 2440 adhibendi
2008 2407 2093 2439 sunt

299 2458 409 2504 longe
433 2458 554 2494 minus
579 2459 746 2505 corrupti
772 2471 884 2505 quam
909 2459 997 2495 anni
1022 2460 1184 2506 diesque.
