<?xml version="1.0" encoding="UTF-8"?>
<!DOCTYPE html PUBLIC "-//W3C//DTD XHTML 1.0 Transitional//EN"
    "http://www.w3.org/TR/xhtml1/DTD/xhtml1-transitional.dtd">
<html xmlns="http://www.w3.org/1999/xhtml" xml:lang="en" lang="en">
 <head>
  <title>
</title>
<meta http-equiv="Content-Type" content="text/html;charset=utf-8" />
  <meta name='ocr-system' content='tesseract 3.04.00' />
  <meta name='ocr-capabilities' content='ocr_page ocr_carea ocr_par ocr_line ocrx_word'/>
</head>
<body>
  <div class='ocr_page' id='page_1' title='image "./theodosianilibri00codeuoft_0332.png"; bbox 0 0 2485 3615; ppageno 0'>
   <div class='ocr_carea' id='block_1_1' title="bbox 1131 134 1530 172">
    <p class='ocr_par' dir='ltr' id='par_1_1' title="bbox 1131 134 1530 172">
     <span class='ocr_line' id='line_1_1' title="bbox 1131 134 1530 172; baseline -0.005 0"><span class='ocrx_word' id='word_1_1' title='bbox 1131 156 1175 162; x_wconf 97' lang='lat'>—</span> <span class='ocrx_word' id='word_1_2' title='bbox 1225 134 1438 172; x_wconf 84' lang='lat' dir='ltr'>CCCXXVI</span> <span class='ocrx_word' id='word_1_3' title='bbox 1487 156 1530 161; x_wconf 91' lang='lat'>—</span> 
     </span>
    </p>
   </div>
   <div class='ocr_carea' id='block_1_2' title="bbox 369 239 2304 1094">
    <p class='ocr_par' dir='ltr' id='par_1_2' title="bbox 369 239 2301 635">
     <span class='ocr_line' id='line_1_2' title="bbox 485 239 2300 287; baseline -0.001 -8"><span class='ocrx_word' id='word_1_4' title='bbox 485 243 837 279; x_wconf 86' lang='lat' dir='ltr'>Decurtatorum</span> <span class='ocrx_word' id='word_1_5' title='bbox 875 239 1128 286; x_wconf 85' lang='lat' dir='ltr'>Sangallensis</span> <span class='ocrx_word' id='word_1_6' title='bbox 1160 241 1224 275; x_wconf 83' lang='lat'>731</span> <span class='ocrx_word' id='word_1_7' title='bbox 1264 251 1362 275; x_wconf 87' lang='lat' dir='ltr'>anno</span> <span class='ocrx_word' id='word_1_8' title='bbox 1393 241 1460 275; x_wconf 82' lang='lat'>793</span> <span class='ocrx_word' id='word_1_9' title='bbox 1497 240 1536 275; x_wconf 92' lang='lat' dir='ltr'>in</span> <span class='ocrx_word' id='word_1_10' title='bbox 1571 241 1795 277; x_wconf 84' lang='lat' dir='ltr'>monasterio</span> <span class='ocrx_word' id='word_1_11' title='bbox 1832 240 1866 277; x_wconf 84' lang='lat' dir='ltr'>S.</span> <span class='ocrx_word' id='word_1_12' title='bbox 1890 240 1991 277; x_wconf 89' lang='lat' dir='ltr'>Galli</span> <span class='ocrx_word' id='word_1_13' title='bbox 2027 240 2188 287; x_wconf 88' lang='lat' dir='ltr'>scriptus</span> <span class='ocrx_word' id='word_1_14' title='bbox 2222 252 2300 277; x_wconf 88' lang='lat' dir='ltr'>esse</span> 
     </span>
     <span class='ocr_line' id='line_1_3' title="bbox 371 297 2301 343; baseline -0.001 -8"><span class='ocrx_word' id='word_1_15' title='bbox 371 301 527 336; x_wconf 81' lang='lat' dir='ltr'>videtur.</span> <span class='ocrx_word' id='word_1_16' title='bbox 577 301 732 336; x_wconf 85' lang='lat' dir='ltr'>Saeculo</span> <span class='ocrx_word' id='word_1_17' title='bbox 757 311 853 335; x_wconf 89' lang='lat' dir='ltr'>nono</span> <span class='ocrx_word' id='word_1_18' title='bbox 879 311 923 334; x_wconf 84' lang='lat' dir='ltr'>ex</span> <span class='ocrx_word' id='word_1_19' title='bbox 951 298 1075 334; x_wconf 88' lang='lat' dir='ltr'>Gallia</span> <span class='ocrx_word' id='word_1_20' title='bbox 1106 297 1264 343; x_wconf 87' lang='lat' dir='ltr'>profecti</span> <span class='ocrx_word' id='word_1_21' title='bbox 1290 301 1376 333; x_wconf 88' lang='lat' dir='ltr'>sunt</span> <span class='ocrx_word' id='word_1_22' title='bbox 1401 297 1689 334; x_wconf 88' lang='lat' dir='ltr'>Mediolanensis</span> <span class='ocrx_word' id='word_1_23' title='bbox 1713 299 1878 334; x_wconf 90' lang='lat' dir='ltr'>Ambros.</span> <span class='ocrx_word' id='word_1_24' title='bbox 1897 301 1964 335; x_wconf 72' lang='lat'>‘276</span> <span class='ocrx_word' id='word_1_25' title='bbox 1990 300 2073 342; x_wconf 87' lang='lat' dir='ltr'>inf.‚</span> <span class='ocrx_word' id='word_1_26' title='bbox 2105 299 2301 335; x_wconf 91' lang='lat' dir='ltr'>Bernensis</span> 
     </span>
     <span class='ocr_line' id='line_1_4' title="bbox 372 355 2300 401; baseline -0.002 -7"><span class='ocrx_word' id='word_1_27' title='bbox 372 360 455 401; x_wconf 65' lang='grc'><strong>263,</strong></span> <span class='ocrx_word' id='word_1_28' title='bbox 481 358 644 393; x_wconf 85' lang='lat' dir='ltr'>Parisini</span> <span class='ocrx_word' id='word_1_29' title='bbox 669 359 759 392; x_wconf 79' lang='lat'>4403</span> <span class='ocrx_word' id='word_1_30' title='bbox 775 360 822 400; x_wconf 90' lang='lat' dir='ltr'>A,</span> <span class='ocrx_word' id='word_1_31' title='bbox 850 359 956 398; x_wconf 87' lang='lat'>4411,</span> <span class='ocrx_word' id='word_1_32' title='bbox 982 356 1127 400; x_wconf 81' lang='lat'>4413¹)‚</span> <span class='ocrx_word' id='word_1_33' title='bbox 1152 357 1258 397; x_wconf 79' lang='lat'>4415,</span> <span class='ocrx_word' id='word_1_34' title='bbox 1285 355 1542 391; x_wconf 81' lang='lat' dir='ltr'>Varsoviensis</span> <span class='ocrx_word' id='word_1_35' title='bbox 1572 356 1664 391; x_wconf 88' lang='lat' dir='ltr'>bibl.</span> <span class='ocrx_word' id='word_1_36' title='bbox 1690 356 1792 392; x_wconf 89' lang='lat' dir='ltr'>univ.</span> <span class='ocrx_word' id='word_1_37' title='bbox 1817 358 1888 392; x_wconf 85' lang='lat'>480</span> <span class='ocrx_word' id='word_1_38' title='bbox 1919 361 1958 393; x_wconf 90' lang='lat' dir='ltr'>et</span> <span class='ocrx_word' id='word_1_39' title='bbox 1985 357 2174 392; x_wconf 75' lang='lat' dir='ltr'>Parisinus</span> <span class='ocrx_word' id='word_1_40' title='bbox 2198 357 2300 392; x_wconf 81' lang='grc'><strong>9652.</strong></span> 
     </span>
     <span class='ocr_line' id='line_1_5' title="bbox 370 413 2300 459; baseline -0.001 -9"><span class='ocrx_word' id='word_1_41' title='bbox 370 416 457 450; x_wconf 84' lang='lat' dir='ltr'>Fine</span> <span class='ocrx_word' id='word_1_42' title='bbox 485 417 625 451; x_wconf 88' lang='lat' dir='ltr'>saeculi</span> <span class='ocrx_word' id='word_1_43' title='bbox 651 416 739 451; x_wconf 86' lang='lat' dir='ltr'>noni</span> <span class='ocrx_word' id='word_1_44' title='bbox 757 416 815 450; x_wconf 85' lang='lat' dir='ltr'>vel</span> <span class='ocrx_word' id='word_1_45' title='bbox 842 413 1028 459; x_wconf 87' lang='lat' dir='ltr'>principio</span> <span class='ocrx_word' id='word_1_46' title='bbox 1054 413 1193 448; x_wconf 88' lang='lat' dir='ltr'>saeculi</span> <span class='ocrx_word' id='word_1_47' title='bbox 1211 413 1346 448; x_wconf 84' lang='lat' dir='ltr'>decimi</span> <span class='ocrx_word' id='word_1_48' title='bbox 1373 413 1487 449; x_wconf 80' lang='lat' dir='ltr'>codex</span> <span class='ocrx_word' id='word_1_49' title='bbox 1504 413 1696 448; x_wconf 78' lang='lat' dir='ltr'>Parisinus</span> <span class='ocrx_word' id='word_1_50' title='bbox 1713 416 1804 449; x_wconf 79' lang='lat'>4410</span> <span class='ocrx_word' id='word_1_51' title='bbox 1826 415 2016 451; x_wconf 86' lang='lat' dir='ltr'>confectus</span> <span class='ocrx_word' id='word_1_52' title='bbox 2040 418 2107 451; x_wconf 90' lang='lat' dir='ltr'>est.</span> <span class='ocrx_word' id='word_1_53' title='bbox 2148 414 2300 450; x_wconf 90' lang='lat' dir='ltr'>Decimo</span> 
     </span>
     <span class='ocr_line' id='line_1_6' title="bbox 370 471 2300 516; baseline -0.002 -7"><span class='ocrx_word' id='word_1_54' title='bbox 370 474 584 509; x_wconf 87' lang='lat' dir='ltr'>tribuuntur</span> <span class='ocrx_word' id='word_1_55' title='bbox 609 474 754 509; x_wconf 90' lang='lat' dir='ltr'>codices</span> <span class='ocrx_word' id='word_1_56' title='bbox 785 485 828 508; x_wconf 87' lang='lat' dir='ltr'>ex</span> <span class='ocrx_word' id='word_1_57' title='bbox 854 471 979 507; x_wconf 89' lang='lat' dir='ltr'>Gallia</span> <span class='ocrx_word' id='word_1_58' title='bbox 1012 471 1170 516; x_wconf 85' lang='lat' dir='ltr'>profecti</span> <span class='ocrx_word' id='word_1_59' title='bbox 1194 471 1444 507; x_wconf 88' lang='lat' dir='ltr'>Berolinensis</span> <span class='ocrx_word' id='word_1_60' title='bbox 1470 472 1536 508; x_wconf 87' lang='lat' dir='ltr'>lat.</span> <span class='ocrx_word' id='word_1_61' title='bbox 1561 475 1681 516; x_wconf 88' lang='lat' dir='ltr'>quart.</span> <span class='ocrx_word' id='word_1_62' title='bbox 1703 474 1786 514; x_wconf 79' lang='lat'>150,</span> <span class='ocrx_word' id='word_1_63' title='bbox 1819 472 2198 508; x_wconf 85' lang='lat' dir='ltr'>Clermont-Ferrand</span> <span class='ocrx_word' id='word_1_64' title='bbox 2221 472 2300 514; x_wconf 83' lang='lat'>201,</span> 
     </span>
     <span class='ocr_line' id='line_1_7' title="bbox 370 529 2300 576; baseline -0.001 -11"><span class='ocrx_word' id='word_1_65' title='bbox 370 531 558 567; x_wconf 89' lang='lat' dir='ltr'>Leidensis</span> <span class='ocrx_word' id='word_1_66' title='bbox 574 531 775 566; x_wconf 80' lang='lat' dir='ltr'>Vossianus</span> <span class='ocrx_word' id='word_1_67' title='bbox 800 532 919 575; x_wconf 81' lang='lat' dir='ltr'><strong>quart.</strong></span> <span class='ocrx_word' id='word_1_68' title='bbox 937 530 992 573; x_wconf 79' lang='grc'>47,</span> <span class='ocrx_word' id='word_1_69' title='bbox 1019 529 1208 564; x_wconf 83' lang='lat' dir='ltr'>Parisinus</span> <span class='ocrx_word' id='word_1_70' title='bbox 1225 530 1326 564; x_wconf 80' lang='lat'>4409.</span> <span class='ocrx_word' id='word_1_71' title='bbox 1376 530 1433 564; x_wconf 92' lang='lat' dir='ltr'>Ad</span> <span class='ocrx_word' id='word_1_72' title='bbox 1458 530 1626 566; x_wconf 89' lang='lat' dir='ltr'>saeculos</span> <span class='ocrx_word' id='word_1_73' title='bbox 1644 530 1741 574; x_wconf 71' lang='lat' dir='ltr'>XJXI</span> <span class='ocrx_word' id='word_1_74' title='bbox 1767 530 1933 576; x_wconf 74' lang='lat' dir='ltr'>pertinet</span> <span class='ocrx_word' id='word_1_75' title='bbox 1959 531 2072 566; x_wconf 85' lang='lat' dir='ltr'><strong>codex</strong></span> <span class='ocrx_word' id='word_1_76' title='bbox 2090 530 2300 566; x_wconf 77' lang='lat' dir='ltr'>Vaticanus</span> 
     </span>
     <span class='ocr_line' id='line_1_8' title="bbox 369 589 647 635; baseline -0.004 -10"><span class='ocrx_word' id='word_1_77' title='bbox 369 589 520 635; x_wconf 87' lang='lat' dir='ltr'>reginae</span> <span class='ocrx_word' id='word_1_78' title='bbox 548 591 647 624; x_wconf 76' lang='lat'>1048.</span> 
     </span>
    </p>

    <p class='ocr_par' dir='ltr' id='par_1_3' title="bbox 370 644 2304 1094">
     <span class='ocr_line' id='line_1_9' title="bbox 485 644 2301 692; baseline -0.002 -10"><span class='ocrx_word' id='word_1_79' title='bbox 485 648 537 683; x_wconf 90' lang='lat' dir='ltr'>De</span> <span class='ocrx_word' id='word_1_80' title='bbox 577 646 720 692; x_wconf 83' lang='lat' dir='ltr'>origine</span> <span class='ocrx_word' id='word_1_81' title='bbox 759 647 928 682; x_wconf 86' lang='lat' dir='ltr'>codicum</span> <span class='ocrx_word' id='word_1_82' title='bbox 965 645 1217 681; x_wconf 87' lang='lat' dir='ltr'>Parisinorum</span> <span class='ocrx_word' id='word_1_83' title='bbox 1247 645 1356 686; x_wconf 82' lang='grc'><strong>4408,</strong></span> <span class='ocrx_word' id='word_1_84' title='bbox 1388 646 1479 680; x_wconf 90' lang='grc'><strong>4412</strong></span> <span class='ocrx_word' id='word_1_85' title='bbox 1510 646 1548 680; x_wconf 89' lang='lat' dir='ltr'>et</span> <span class='ocrx_word' id='word_1_86' title='bbox 1580 646 1670 680; x_wconf 76' lang='lat'>9653</span> <span class='ocrx_word' id='word_1_87' title='bbox 1707 645 1847 681; x_wconf 90' lang='lat' dir='ltr'>saeculi</span> <span class='ocrx_word' id='word_1_88' title='bbox 1884 644 1988 687; x_wconf 88' lang='lat' dir='ltr'>noni,</span> <span class='ocrx_word' id='word_1_89' title='bbox 2020 645 2108 680; x_wconf 87' lang='lat' dir='ltr'>Vat.</span> <span class='ocrx_word' id='word_1_90' title='bbox 2133 656 2210 690; x_wconf 88' lang='lat' dir='ltr'>reg.</span> <span class='ocrx_word' id='word_1_91' title='bbox 2234 645 2301 679; x_wconf 84' lang='lat'>857</span> 
     </span>
     <span class='ocr_line' id='line_1_10' title="bbox 371 702 2302 750; baseline -0.001 -11"><span class='ocrx_word' id='word_1_92' title='bbox 371 705 478 749; x_wconf 82' lang='lat' dir='ltr'>[saec.</span> <span class='ocrx_word' id='word_1_93' title='bbox 496 705 626 749; x_wconf 69' lang='lat' dir='ltr'>IxsX]‚</span> <span class='ocrx_word' id='word_1_94' title='bbox 659 705 745 739; x_wconf 83' lang='lat' dir='ltr'>Vat.</span> <span class='ocrx_word' id='word_1_95' title='bbox 769 718 844 750; x_wconf 88' lang='lat' dir='ltr'>reg.</span> <span class='ocrx_word' id='word_1_96' title='bbox 865 705 968 745; x_wconf 92' lang='grc'><strong>1023,</strong></span> <span class='ocrx_word' id='word_1_97' title='bbox 1001 703 1065 748; x_wconf 93' lang='lat' dir='ltr'>qui</span> <span class='ocrx_word' id='word_1_98' title='bbox 1096 703 1278 749; x_wconf 85' lang='lat' dir='ltr'>gemellus</span> <span class='ocrx_word' id='word_1_99' title='bbox 1310 705 1367 738; x_wconf 89' lang='lat' dir='ltr'>est</span> <span class='ocrx_word' id='word_1_100' title='bbox 1392 702 1558 738; x_wconf 82' lang='lat' dir='ltr'>Parisino</span> <span class='ocrx_word' id='word_1_101' title='bbox 1585 704 1691 744; x_wconf 74' lang='lat'>4412,</span> <span class='ocrx_word' id='word_1_102' title='bbox 1725 703 1958 748; x_wconf 83' lang='lat' dir='ltr'>Mont-ispess.</span> <span class='ocrx_word' id='word_1_103' title='bbox 1977 702 2011 736; x_wconf 92' lang='lat' dir='ltr'>H</span> <span class='ocrx_word' id='word_1_104' title='bbox 2039 703 2103 737; x_wconf 84' lang='lat'>136</span> <span class='ocrx_word' id='word_1_105' title='bbox 2129 703 2239 748; x_wconf 85' lang='lat' dir='ltr'>[saec.</span> <span class='ocrx_word' id='word_1_106' title='bbox 2255 702 2302 747; x_wconf 93' lang='lat' dir='ltr'>X]</span> 
     </span>
     <span class='ocr_line' id='line_1_11' title="bbox 370 759 2302 808; baseline -0.002 -11"><span class='ocrx_word' id='word_1_107' title='bbox 370 762 455 797; x_wconf 90' lang='lat' dir='ltr'>Vat.</span> <span class='ocrx_word' id='word_1_108' title='bbox 481 774 556 807; x_wconf 86' lang='lat' dir='ltr'>reg.</span> <span class='ocrx_word' id='word_1_109' title='bbox 577 764 666 797; x_wconf 75' lang='lat'>1050</span> <span class='ocrx_word' id='word_1_110' title='bbox 692 764 799 808; x_wconf 80' lang='lat' dir='ltr'>[saec.</span> <span class='ocrx_word' id='word_1_111' title='bbox 819 762 887 806; x_wconf 88' lang='lat' dir='ltr'>Xl]</span> <span class='ocrx_word' id='word_1_112' title='bbox 913 761 1117 797; x_wconf 89' lang='lat' dir='ltr'>Haenelius</span> <span class='ocrx_word' id='word_1_113' title='bbox 1148 762 1187 795; x_wconf 88' lang='lat' dir='ltr'>et</span> <span class='ocrx_word' id='word_1_114' title='bbox 1216 760 1464 796; x_wconf 87' lang='lat' dir='ltr'>Mommsenus</span> <span class='ocrx_word' id='word_1_115' title='bbox 1494 759 1590 794; x_wconf 86' lang='grc'><strong>1111111</strong></span> <span class='ocrx_word' id='word_1_116' title='bbox 1624 763 1790 806; x_wconf 84' lang='lat' dir='ltr'>egerunt.</span> <span class='ocrx_word' id='word_1_117' title='bbox 1840 760 2001 801; x_wconf 86' lang='lat' dir='ltr'>Quorum</span> <span class='ocrx_word' id='word_1_118' title='bbox 2028 759 2182 806; x_wconf 89' lang='lat' dir='ltr'>plurimi</span> <span class='ocrx_word' id='word_1_119' title='bbox 2204 771 2302 800; x_wconf 87' lang='lat' dir='ltr'>vero,</span> 
     </span>
     <span class='ocr_line' id='line_1_12' title="bbox 371 818 2302 865; baseline -0.001 -11"><span class='ocrx_word' id='word_1_120' title='bbox 371 832 452 854; x_wconf 91' lang='lat' dir='ltr'>cum</span> <span class='ocrx_word' id='word_1_121' title='bbox 481 820 538 854; x_wconf 83' lang='lat' dir='ltr'>vel</span> <span class='ocrx_word' id='word_1_122' title='bbox 570 820 690 865; x_wconf 89' lang='lat' dir='ltr'>legem</span> <span class='ocrx_word' id='word_1_123' title='bbox 714 820 921 854; x_wconf 80' lang='lat' dir='ltr'>Romanam</span> <span class='ocrx_word' id='word_1_124' title='bbox 949 819 1251 865; x_wconf 83' lang='lat' dir='ltr'>Burgundionum</span> <span class='ocrx_word' id='word_1_125' title='bbox 1277 818 1354 854; x_wconf 84' lang='lat' dir='ltr'>sive</span> <span class='ocrx_word' id='word_1_126' title='bbox 1380 820 1499 853; x_wconf 90' lang='lat' dir='ltr'>totam</span> <span class='ocrx_word' id='word_1_127' title='bbox 1527 818 1605 852; x_wconf 83' lang='lat' dir='ltr'>sive</span> <span class='ocrx_word' id='word_1_128' title='bbox 1631 822 1847 864; x_wconf 75' lang='lat' dir='ltr'>excerptam</span> <span class='ocrx_word' id='word_1_129' title='bbox 1873 818 2002 864; x_wconf 87' lang='lat' dir='ltr'>[Paris.</span> <span class='ocrx_word' id='word_1_130' title='bbox 2021 820 2111 853; x_wconf 88' lang='grc'><strong>4412</strong></span> <span class='ocrx_word' id='word_1_131' title='bbox 2137 821 2177 854; x_wconf 88' lang='lat' dir='ltr'>et</span> <span class='ocrx_word' id='word_1_132' title='bbox 2201 819 2302 860; x_wconf 80' lang='lat'>4414,</span> 
     </span>
     <span class='ocr_line' id='line_1_13' title="bbox 370 875 2304 923; baseline -0.001 -11"><span class='ocrx_word' id='word_1_133' title='bbox 370 877 603 923; x_wconf 78' lang='lat' dir='ltr'>Montispess.</span> <span class='ocrx_word' id='word_1_134' title='bbox 629 878 662 911; x_wconf 92' lang='lat' dir='ltr'>H</span> <span class='ocrx_word' id='word_1_135' title='bbox 689 879 771 919; x_wconf 65' lang='lat'>136,</span> <span class='ocrx_word' id='word_1_136' title='bbox 802 878 888 913; x_wconf 79' lang='lat' dir='ltr'>Vat.</span> <span class='ocrx_word' id='word_1_137' title='bbox 911 889 987 923; x_wconf 85' lang='lat' dir='ltr'>reg.</span> <span class='ocrx_word' id='word_1_138' title='bbox 1016 877 1115 922; x_wconf 74' lang='lat'>1050]</span> <span class='ocrx_word' id='word_1_139' title='bbox 1150 877 1209 912; x_wconf 82' lang='lat' dir='ltr'>vel</span> <span class='ocrx_word' id='word_1_140' title='bbox 1242 876 1401 912; x_wconf 88' lang='lat' dir='ltr'>concilia</span> <span class='ocrx_word' id='word_1_141' title='bbox 1433 875 1580 911; x_wconf 87' lang='lat' dir='ltr'>Galliae</span> <span class='ocrx_word' id='word_1_142' title='bbox 1612 876 1738 920; x_wconf 86' lang='lat' dir='ltr'>[Paris.</span> <span class='ocrx_word' id='word_1_143' title='bbox 1763 877 1867 921; x_wconf 73' lang='lat'>4414]</span> <span class='ocrx_word' id='word_1_144' title='bbox 1898 877 1958 912; x_wconf 90' lang='lat' dir='ltr'>vel</span> <span class='ocrx_word' id='word_1_145' title='bbox 1989 877 2092 922; x_wconf 89' lang='lat' dir='ltr'>leges</span> <span class='ocrx_word' id='word_1_146' title='bbox 2123 876 2304 921; x_wconf 80' lang='lat' dir='ltr'>quasdam</span> 
     </span>
     <span class='ocr_line' id='line_1_14' title="bbox 370 933 2302 981; baseline -0.002 -11"><span class='ocrx_word' id='word_1_147' title='bbox 370 935 563 970; x_wconf 86' lang='lat' dir='ltr'>nationum</span> <span class='ocrx_word' id='word_1_148' title='bbox 605 935 908 970; x_wconf 88' lang='lat' dir='ltr'>Germanicarum</span> <span class='ocrx_word' id='word_1_149' title='bbox 948 935 1054 981; x_wconf 87' lang='lat' dir='ltr'>regni</span> <span class='ocrx_word' id='word_1_150' title='bbox 1094 934 1320 969; x_wconf 81' lang='lat' dir='ltr'>Francorum</span> <span class='ocrx_word' id='word_1_151' title='bbox 1360 933 1633 979; x_wconf 85' lang='lat' dir='ltr'>adscriptarum</span> <span class='ocrx_word' id='word_1_152' title='bbox 1683 933 1812 978; x_wconf 78' lang='lat' dir='ltr'>[Paris.</span> <span class='ocrx_word' id='word_1_153' title='bbox 1845 935 1952 975; x_wconf 73' lang='lat'>9653,</span> <span class='ocrx_word' id='word_1_154' title='bbox 1999 933 2088 970; x_wconf 87' lang='lat' dir='ltr'>Vat.</span> <span class='ocrx_word' id='word_1_155' title='bbox 2117 945 2193 979; x_wconf 87' lang='lat' dir='ltr'>reg.</span> <span class='ocrx_word' id='word_1_156' title='bbox 2225 934 2302 976; x_wconf 78' lang='lat'>857,</span> 
     </span>
     <span class='ocr_line' id='line_1_15' title="bbox 370 991 2303 1038; baseline -0.001 -10"><span class='ocrx_word' id='word_1_157' title='bbox 370 993 602 1038; x_wconf 80' lang='lat' dir='ltr'>Montispess.</span> <span class='ocrx_word' id='word_1_158' title='bbox 630 994 663 1027; x_wconf 93' lang='lat' dir='ltr'>H</span> <span class='ocrx_word' id='word_1_159' title='bbox 693 994 773 1035; x_wconf 72' lang='lat'>136,</span> <span class='ocrx_word' id='word_1_160' title='bbox 804 993 887 1028; x_wconf 89' lang='lat' dir='ltr'>Vat.</span> <span class='ocrx_word' id='word_1_161' title='bbox 905 1005 981 1038; x_wconf 88' lang='lat' dir='ltr'>reg.</span> <span class='ocrx_word' id='word_1_162' title='bbox 1004 992 1103 1037; x_wconf 73' lang='grc'><strong>1050]</strong></span> <span class='ocrx_word' id='word_1_163' title='bbox 1132 992 1362 1033; x_wconf 80' lang='lat' dir='ltr'>contineant,</span> <span class='ocrx_word' id='word_1_164' title='bbox 1389 991 1467 1026; x_wconf 83' lang='lat' dir='ltr'>sine</span> <span class='ocrx_word' id='word_1_165' title='bbox 1494 991 1607 1026; x_wconf 89' lang='lat' dir='ltr'>dubio</span> <span class='ocrx_word' id='word_1_166' title='bbox 1632 994 1752 1026; x_wconf 90' lang='lat' dir='ltr'>terrae</span> <span class='ocrx_word' id='word_1_167' title='bbox 1770 991 2076 1037; x_wconf 87' lang='lat' dir='ltr'>Francogallicae</span> <span class='ocrx_word' id='word_1_168' title='bbox 2102 991 2162 1026; x_wconf 90' lang='lat' dir='ltr'>vel</span> <span class='ocrx_word' id='word_1_169' title='bbox 2185 991 2303 1037; x_wconf 86' lang='lat' dir='ltr'>regio-</span> 
     </span>
     <span class='ocr_line' id='line_1_16' title="bbox 370 1049 1625 1094; baseline -0.002 -7"><span class='ocrx_word' id='word_1_170' title='bbox 370 1052 479 1087; x_wconf 87' lang='lat' dir='ltr'>nibus</span> <span class='ocrx_word' id='word_1_171' title='bbox 505 1051 624 1087; x_wconf 90' lang='lat' dir='ltr'>eidem</span> <span class='ocrx_word' id='word_1_172' title='bbox 648 1050 793 1094; x_wconf 82' lang='lat' dir='ltr'>vicinis,</span> <span class='ocrx_word' id='word_1_173' title='bbox 819 1051 971 1086; x_wconf 87' lang='lat' dir='ltr'>minime</span> <span class='ocrx_word' id='word_1_174' title='bbox 1000 1063 1084 1086; x_wconf 87' lang='lat' dir='ltr'>vero</span> <span class='ocrx_word' id='word_1_175' title='bbox 1110 1050 1245 1086; x_wconf 87' lang='lat' dir='ltr'>Italiae</span> <span class='ocrx_word' id='word_1_176' title='bbox 1271 1049 1504 1086; x_wconf 86' lang='lat' dir='ltr'>attribuendi</span> <span class='ocrx_word' id='word_1_177' title='bbox 1529 1051 1625 1084; x_wconf 88' lang='lat' dir='ltr'>sunt.</span> 
     </span>
    </p>
   </div>
   <div class='ocr_carea' id='block_1_3' title="bbox 370 1118 2306 1686">
    <p class='ocr_par' dir='ltr' id='par_1_4' title="bbox 370 1118 2306 1686">
     <span class='ocr_line' id='line_1_17' title="bbox 486 1118 2302 1165; baseline -0.001 -11"><span class='ocrx_word' id='word_1_178' title='bbox 486 1120 652 1164; x_wconf 89' lang='lat' dir='ltr'>Denique</span> <span class='ocrx_word' id='word_1_179' title='bbox 672 1120 783 1155; x_wconf 86' lang='lat' dir='ltr'>etiam</span> <span class='ocrx_word' id='word_1_180' title='bbox 805 1121 970 1155; x_wconf 86' lang='lat' dir='ltr'>codicum</span> <span class='ocrx_word' id='word_1_181' title='bbox 997 1119 1166 1165; x_wconf 89' lang='lat' dir='ltr'>epitom</span> <span class='ocrx_word' id='word_1_182' title='bbox 1177 1122 1277 1155; x_wconf 83' lang='lat' dir='ltr'>ator</span> <span class='ocrx_word' id='word_1_183' title='bbox 1287 1132 1367 1159; x_wconf 91' lang='lat' dir='ltr'>um,</span> <span class='ocrx_word' id='word_1_184' title='bbox 1386 1131 1541 1163; x_wconf 88' lang='lat' dir='ltr'>quorum</span> <span class='ocrx_word' id='word_1_185' title='bbox 1565 1118 1670 1164; x_wconf 86' lang='lat' dir='ltr'>origo</span> <span class='ocrx_word' id='word_1_186' title='bbox 1689 1118 1895 1154; x_wconf 90' lang='lat' dir='ltr'>definienda</span> <span class='ocrx_word' id='word_1_187' title='bbox 1920 1120 1986 1162; x_wconf 86' lang='lat' dir='ltr'>est,</span> <span class='ocrx_word' id='word_1_188' title='bbox 2012 1118 2122 1164; x_wconf 86' lang='lat' dir='ltr'>longe</span> <span class='ocrx_word' id='word_1_189' title='bbox 2139 1118 2302 1154; x_wconf 83' lang='lat' dir='ltr'>maxima</span> 
     </span>
     <span class='ocr_line' id='line_1_18' title="bbox 371 1175 2305 1224; baseline -0.001 -11"><span class='ocrx_word' id='word_1_190' title='bbox 371 1191 458 1224; x_wconf 86' lang='lat' dir='ltr'>pars</span> <span class='ocrx_word' id='word_1_191' title='bbox 489 1177 656 1222; x_wconf 86' lang='lat' dir='ltr'>exceptis</span> <span class='ocrx_word' id='word_1_192' title='bbox 689 1178 881 1213; x_wconf 81' lang='lat' dir='ltr'>codicibus</span> <span class='ocrx_word' id='word_1_193' title='bbox 916 1178 1011 1224; x_wconf 86' lang='lat' dir='ltr'>legis</span> <span class='ocrx_word' id='word_1_194' title='bbox 1045 1177 1236 1213; x_wconf 81' lang='lat' dir='ltr'>Romanae</span> <span class='ocrx_word' id='word_1_195' title='bbox 1264 1176 1450 1212; x_wconf 79' lang='lat' dir='ltr'>Curiensis</span> <span class='ocrx_word' id='word_1_196' title='bbox 1481 1180 1519 1212; x_wconf 89' lang='lat' dir='ltr'>et</span> <span class='ocrx_word' id='word_1_197' title='bbox 1551 1175 1644 1219; x_wconf 83' lang='lat' dir='ltr'>illis,</span> <span class='ocrx_word' id='word_1_198' title='bbox 1676 1188 1767 1220; x_wconf 90' lang='lat' dir='ltr'>quos</span> <span class='ocrx_word' id='word_1_199' title='bbox 1797 1188 1842 1212; x_wconf 89' lang='lat' dir='ltr'>ex</span> <span class='ocrx_word' id='word_1_200' title='bbox 1868 1177 1982 1212; x_wconf 89' lang='lat' dir='ltr'>Italia</span> <span class='ocrx_word' id='word_1_201' title='bbox 2011 1176 2198 1222; x_wconf 88' lang='lat' dir='ltr'>profectos</span> <span class='ocrx_word' id='word_1_202' title='bbox 2227 1188 2305 1211; x_wconf 87' lang='lat' dir='ltr'>esse</span> 
     </span>
     <span class='ocr_line' id='line_1_19' title="bbox 370 1234 2305 1280; baseline 0 -10"><span class='ocrx_word' id='word_1_203' title='bbox 370 1236 467 1270; x_wconf 89' lang='lat' dir='ltr'>infra</span> <span class='ocrx_word' id='word_1_204' title='bbox 499 1235 855 1277; x_wconf 80' lang='lat' dir='ltr'>demonstrabimus,</span> <span class='ocrx_word' id='word_1_205' title='bbox 891 1236 937 1270; x_wconf 86' lang='lat' dir='ltr'>ad</span> <span class='ocrx_word' id='word_1_206' title='bbox 970 1238 1096 1280; x_wconf 85' lang='lat' dir='ltr'>partes</span> <span class='ocrx_word' id='word_1_207' title='bbox 1123 1235 1270 1270; x_wconf 87' lang='lat' dir='ltr'>Galliae</span> <span class='ocrx_word' id='word_1_208' title='bbox 1303 1237 1496 1279; x_wconf 51' lang='lat' dir='ltr'>spectatu</span> <span class='ocrx_word' id='word_1_209' title='bbox 1545 1234 1836 1279; x_wconf 81' lang='lat' dir='ltr'>Stuttgartensis</span> <span class='ocrx_word' id='word_1_210' title='bbox 1866 1234 1932 1269; x_wconf 90' lang='lat' dir='ltr'>iur.</span> <span class='ocrx_word' id='word_1_211' title='bbox 1957 1236 2077 1280; x_wconf 83' lang='lat' dir='ltr'>quart.</span> <span class='ocrx_word' id='word_1_212' title='bbox 2098 1235 2164 1269; x_wconf 87' lang='lat'>134</span> <span class='ocrx_word' id='word_1_213' title='bbox 2194 1237 2305 1270; x_wconf 83' lang='lat' dir='ltr'>antea</span> 
     </span>
     <span class='ocr_line' id='line_1_20' title="bbox 371 1291 2304 1339; baseline -0.001 -11"><span class='ocrx_word' id='word_1_214' title='bbox 371 1294 691 1329; x_wconf 73' lang='lat' dir='ltr'>VVeissenauensis</span> <span class='ocrx_word' id='word_1_215' title='bbox 717 1294 858 1329; x_wconf 88' lang='lat' dir='ltr'>saeculi</span> <span class='ocrx_word' id='word_1_216' title='bbox 877 1293 1010 1329; x_wconf 84' lang='lat' dir='ltr'>decimi</span> <span class='ocrx_word' id='word_1_217' title='bbox 1031 1292 1275 1339; x_wconf 86' lang='lat' dir='ltr'>Aegidianam</span> <span class='ocrx_word' id='word_1_218' title='bbox 1295 1293 1530 1327; x_wconf 81' lang='lat' dir='ltr'>decurtatam</span> <span class='ocrx_word' id='word_1_219' title='bbox 1549 1291 1810 1337; x_wconf 87' lang='lat' dir='ltr'>complectens.</span> <span class='ocrx_word' id='word_1_220' title='bbox 1836 1295 1879 1327; x_wconf 92' lang='lat' dir='ltr'>ut</span> <span class='ocrx_word' id='word_1_221' title='bbox 1897 1292 2098 1328; x_wconf 86' lang='lat' dir='ltr'>Haenelius</span> <span class='ocrx_word' id='word_1_222' title='bbox 2123 1292 2304 1338; x_wconf 83' lang='lat' dir='ltr'>exposuit,</span> 
     </span>
     <span class='ocr_line' id='line_1_21' title="bbox 371 1349 2304 1396; baseline -0.001 -10"><span class='ocrx_word' id='word_1_223' title='bbox 371 1351 410 1386; x_wconf 90' lang='lat' dir='ltr'>in</span> <span class='ocrx_word' id='word_1_224' title='bbox 433 1351 670 1387; x_wconf 86' lang='lat' dir='ltr'>meridionali</span> <span class='ocrx_word' id='word_1_225' title='bbox 695 1352 893 1387; x_wconf 81' lang='lat' dir='ltr'>Helvetiae</span> <span class='ocrx_word' id='word_1_226' title='bbox 927 1354 1034 1396; x_wconf 89' lang='lat' dir='ltr'>parte</span> <span class='ocrx_word' id='word_1_227' title='bbox 1065 1350 1231 1396; x_wconf 88' lang='lat' dir='ltr'>scriptus</span> <span class='ocrx_word' id='word_1_228' title='bbox 1264 1362 1342 1386; x_wconf 87' lang='lat' dir='ltr'>esse</span> <span class='ocrx_word' id='word_1_229' title='bbox 1375 1350 1532 1386; x_wconf 83' lang='lat' dir='ltr'>videtur.</span> <span class='ocrx_word' id='word_1_230' title='bbox 1583 1349 1747 1396; x_wconf 86' lang='lat' dir='ltr'>Originis</span> <span class='ocrx_word' id='word_1_231' title='bbox 1773 1349 2015 1386; x_wconf 85' lang='lat' dir='ltr'>Germanicae</span> <span class='ocrx_word' id='word_1_232' title='bbox 2041 1350 2155 1385; x_wconf 84' lang='lat' dir='ltr'>codex</span> <span class='ocrx_word' id='word_1_233' title='bbox 2180 1350 2304 1385; x_wconf 88' lang='lat' dir='ltr'>Mona-</span> 
     </span>
     <span class='ocr_line' id='line_1_22' title="bbox 372 1407 2304 1454; baseline -0.001 -10"><span class='ocrx_word' id='word_1_234' title='bbox 372 1409 490 1445; x_wconf 83' lang='lat' dir='ltr'>censis</span> <span class='ocrx_word' id='word_1_235' title='bbox 516 1411 580 1446; x_wconf 91' lang='lat' dir='ltr'>lat.</span> <span class='ocrx_word' id='word_1_236' title='bbox 601 1410 692 1444; x_wconf 72' lang='lat'>4460</span> <span class='ocrx_word' id='word_1_237' title='bbox 716 1409 855 1445; x_wconf 89' lang='lat' dir='ltr'>saeculi</span> <span class='ocrx_word' id='word_1_238' title='bbox 881 1409 1067 1444; x_wconf 83' lang='lat' dir='ltr'>undecimi</span> <span class='ocrx_word' id='word_1_239' title='bbox 1093 1411 1165 1450; x_wconf 91' lang='lat' dir='ltr'>est,</span> <span class='ocrx_word' id='word_1_240' title='bbox 1199 1408 1263 1452; x_wconf 89' lang='lat' dir='ltr'>qui</span> <span class='ocrx_word' id='word_1_241' title='bbox 1288 1411 1438 1454; x_wconf 89' lang='lat' dir='ltr'>praeter</span> <span class='ocrx_word' id='word_1_242' title='bbox 1463 1408 1651 1453; x_wconf 86' lang='lat' dir='ltr'>epitomae</span> <span class='ocrx_word' id='word_1_243' title='bbox 1678 1407 1909 1453; x_wconf 79' lang='lat' dir='ltr'>Aegidianae</span> <span class='ocrx_word' id='word_1_244' title='bbox 1935 1407 2195 1453; x_wconf 87' lang='lat' dir='ltr'>compendium</span> <span class='ocrx_word' id='word_1_245' title='bbox 2218 1407 2304 1443; x_wconf 80' lang='lat' dir='ltr'>Ala-</span> 
     </span>
     <span class='ocr_line' id='line_1_23' title="bbox 371 1465 2306 1513; baseline -0.001 -11"><span class='ocrx_word' id='word_1_246' title='bbox 371 1479 588 1502; x_wconf 87' lang='lat' dir='ltr'>mannorum</span> <span class='ocrx_word' id='word_1_247' title='bbox 607 1468 720 1513; x_wconf 81' lang='lat' dir='ltr'>leges,</span> <span class='ocrx_word' id='word_1_248' title='bbox 742 1467 913 1513; x_wconf 82' lang='lat' dir='ltr'>Ansegisi</span> <span class='ocrx_word' id='word_1_249' title='bbox 932 1466 1160 1512; x_wconf 86' lang='lat' dir='ltr'>capitularia</span> <span class='ocrx_word' id='word_1_250' title='bbox 1179 1469 1215 1502; x_wconf 84' lang='lat' dir='ltr'>et</span> <span class='ocrx_word' id='word_1_251' title='bbox 1234 1467 1431 1501; x_wconf 86' lang='lat' dir='ltr'>formulam</span> <span class='ocrx_word' id='word_1_252' title='bbox 1451 1467 1637 1511; x_wconf 87' lang='lat' dir='ltr'>quandam</span> <span class='ocrx_word' id='word_1_253' title='bbox 1657 1465 1995 1502; x_wconf 86' lang='lat' dir='ltr'>abrenuntiationis</span> <span class='ocrx_word' id='word_1_254' title='bbox 2015 1465 2157 1501; x_wconf 88' lang='lat' dir='ltr'>diaboli</span> <span class='ocrx_word' id='word_1_255' title='bbox 2173 1465 2306 1511; x_wconf 88' lang='lat' dir='ltr'>lingua</span> 
     </span>
     <span class='ocr_line' id='line_1_24' title="bbox 374 1522 2306 1569; baseline -0.002 -8"><span class='ocrx_word' id='word_1_256' title='bbox 374 1525 536 1561; x_wconf 85' lang='lat' dir='ltr'>teutisca</span> <span class='ocrx_word' id='word_1_257' title='bbox 570 1525 773 1561; x_wconf 84' lang='lat' dir='ltr'>recentiore</span> <span class='ocrx_word' id='word_1_258' title='bbox 809 1527 1029 1569; x_wconf 82' lang='lat' dir='ltr'>conceptam</span> <span class='ocrx_word' id='word_1_259' title='bbox 1063 1524 1275 1566; x_wconf 86' lang='lat' dir='ltr'>continet.³)</span> <span class='ocrx_word' id='word_1_260' title='bbox 1332 1523 1479 1558; x_wconf 86' lang='lat' dir='ltr'>Saeculi</span> <span class='ocrx_word' id='word_1_261' title='bbox 1513 1522 1721 1558; x_wconf 85' lang='lat' dir='ltr'>duodecimi</span> <span class='ocrx_word' id='word_1_262' title='bbox 1753 1523 1877 1557; x_wconf 89' lang='lat' dir='ltr'>nullus</span> <span class='ocrx_word' id='word_1_263' title='bbox 1910 1523 2025 1558; x_wconf 85' lang='lat' dir='ltr'>codex</span> <span class='ocrx_word' id='word_1_264' title='bbox 2061 1535 2104 1558; x_wconf 87' lang='lat' dir='ltr'>ex</span> <span class='ocrx_word' id='word_1_265' title='bbox 2133 1523 2306 1569; x_wconf 85' lang='lat' dir='ltr'>partibus</span> 
     </span>
     <span class='ocr_line' id='line_1_25' title="bbox 375 1580 2305 1627; baseline 0 -10"><span class='ocrx_word' id='word_1_266' title='bbox 375 1583 520 1618; x_wconf 89' lang='lat' dir='ltr'>Galliae</span> <span class='ocrx_word' id='word_1_267' title='bbox 547 1586 584 1618; x_wconf 90' lang='lat' dir='ltr'>et</span> <span class='ocrx_word' id='word_1_268' title='bbox 610 1583 830 1618; x_wconf 78' lang='lat' dir='ltr'>Germaniae</span> <span class='ocrx_word' id='word_1_269' title='bbox 858 1583 905 1617; x_wconf 89' lang='lat' dir='ltr'>ad</span> <span class='ocrx_word' id='word_1_270' title='bbox 930 1594 996 1617; x_wconf 91' lang='lat' dir='ltr'>nos</span> <span class='ocrx_word' id='word_1_271' title='bbox 1021 1582 1204 1627; x_wconf 86' lang='lat' dir='ltr'>pervenit.</span> <span class='ocrx_word' id='word_1_272' title='bbox 1253 1581 1399 1618; x_wconf 85' lang='lat' dir='ltr'>Decimi</span> <span class='ocrx_word' id='word_1_273' title='bbox 1424 1581 1528 1617; x_wconf 90' lang='lat' dir='ltr'>tertii</span> <span class='ocrx_word' id='word_1_274' title='bbox 1553 1581 1692 1616; x_wconf 84' lang='lat' dir='ltr'>saeculi</span> <span class='ocrx_word' id='word_1_275' title='bbox 1719 1581 1834 1616; x_wconf 85' lang='lat' dir='ltr'>codex</span> <span class='ocrx_word' id='word_1_276' title='bbox 1859 1581 2048 1616; x_wconf 86' lang='lat' dir='ltr'>Parisinus</span> <span class='ocrx_word' id='word_1_277' title='bbox 2073 1582 2164 1616; x_wconf 75' lang='lat'>4696</span> <span class='ocrx_word' id='word_1_278' title='bbox 2188 1580 2305 1627; x_wconf 88' lang='lat' dir='ltr'>epito-</span> 
     </span>
     <span class='ocr_line' id='line_1_26' title="bbox 374 1639 1759 1686; baseline -0.001 -11"><span class='ocrx_word' id='word_1_279' title='bbox 374 1653 458 1677; x_wconf 89' lang='lat' dir='ltr'>men</span> <span class='ocrx_word' id='word_1_280' title='bbox 484 1640 632 1686; x_wconf 88' lang='lat' dir='ltr'>Aegidii</span> <span class='ocrx_word' id='word_1_281' title='bbox 658 1641 824 1686; x_wconf 83' lang='lat' dir='ltr'>praebet,</span> <span class='ocrx_word' id='word_1_282' title='bbox 851 1640 986 1685; x_wconf 87' lang='lat' dir='ltr'>quibus</span> <span class='ocrx_word' id='word_1_283' title='bbox 1012 1639 1186 1675; x_wconf 85' lang='lat' dir='ltr'>librarius</span> <span class='ocrx_word' id='word_1_284' title='bbox 1213 1639 1399 1674; x_wconf 83' lang='lat' dir='ltr'>Ciceronis</span> <span class='ocrx_word' id='word_1_285' title='bbox 1425 1639 1567 1684; x_wconf 85' lang='lat' dir='ltr'>Topica</span> <span class='ocrx_word' id='word_1_286' title='bbox 1591 1639 1759 1674; x_wconf 90' lang='lat' dir='ltr'>inseruit.</span> 
     </span>
    </p>
   </div>
   <div class='ocr_carea' id='block_1_4' title="bbox 52 1707 2307 2511">
    <p class='ocr_par' dir='ltr' id='par_1_5' title="bbox 117 1707 2304 1758">
     <span class='ocr_line' id='line_1_27' title="bbox 117 1707 2304 1758; baseline -0.003 -9"><span class='ocrx_word' id='word_1_287' title='bbox 117 1716 273 1758; x_wconf 62' lang='lat' dir='ltr'>catalogi</span> <span class='ocrx_word' id='word_1_288' title='bbox 491 1710 676 1756; x_wconf 86' lang='lat' dir='ltr'>Excerpta</span> <span class='ocrx_word' id='word_1_289' title='bbox 703 1722 746 1744; x_wconf 87' lang='lat' dir='ltr'>ex</span> <span class='ocrx_word' id='word_1_290' title='bbox 771 1709 883 1745; x_wconf 88' lang='lat' dir='ltr'>medii</span> <span class='ocrx_word' id='word_1_291' title='bbox 909 1708 992 1744; x_wconf 77' lang='lat' dir='ltr'>aevi</span> <span class='ocrx_word' id='word_1_292' title='bbox 1016 1708 1330 1744; x_wconf 86' lang='lat' dir='ltr'>bibliothecarum</span> <span class='ocrx_word' id='word_1_293' title='bbox 1358 1707 1558 1753; x_wconf 84' lang='lat' dir='ltr'>catalogis,</span> <span class='ocrx_word' id='word_1_294' title='bbox 1590 1707 1654 1752; x_wconf 89' lang='lat' dir='ltr'>qui</span> <span class='ocrx_word' id='word_1_295' title='bbox 1685 1707 1792 1743; x_wconf 91' lang='lat' dir='ltr'>nobis</span> <span class='ocrx_word' id='word_1_296' title='bbox 1817 1707 1999 1744; x_wconf 88' lang='lat' dir='ltr'>Breviarii</span> <span class='ocrx_word' id='word_1_297' title='bbox 2023 1708 2199 1744; x_wconf 89' lang='lat' dir='ltr'>notitiam</span> <span class='ocrx_word' id='word_1_298' title='bbox 2232 1710 2304 1743; x_wconf 87' lang='lat' dir='ltr'>tra-</span> 
     </span>
    </p>

    <p class='ocr_par' dir='ltr' id='par_1_6' title="bbox 52 1764 2306 1816">
     <span class='ocr_line' id='line_1_28' title="bbox 52 1764 2306 1816; baseline -0.002 -11"><span class='ocrx_word' id='word_1_299' title='bbox 52 1764 270 1816; x_wconf 47' lang='lat' dir='ltr'>bibliothecas</span> <span class='ocrx_word' id='word_1_300' title='bbox 272 1774 327 1815; x_wconf 66' lang='lat'>{1⁷⁷2</span> <span class='ocrx_word' id='word_1_301' title='bbox 377 1770 486 1811; x_wconf 88' lang='lat' dir='ltr'>dunt,</span> <span class='ocrx_word' id='word_1_302' title='bbox 512 1769 761 1803; x_wconf 89' lang='lat' dir='ltr'>Mommsenus</span> <span class='ocrx_word' id='word_1_303' title='bbox 785 1767 824 1801; x_wconf 94' lang='lat' dir='ltr'>in</span> <span class='ocrx_word' id='word_1_304' title='bbox 849 1766 907 1801; x_wconf 90' lang='lat' dir='ltr'>his</span> <span class='ocrx_word' id='word_1_305' title='bbox 934 1766 1209 1811; x_wconf 88' lang='lat' dir='ltr'>Prolegomenis</span> <span class='ocrx_word' id='word_1_306' title='bbox 1234 1778 1269 1811; x_wconf 84' lang='lat' dir='ltr'>p.</span> <span class='ocrx_word' id='word_1_307' title='bbox 1289 1765 1351 1801; x_wconf 86' lang='lat' dir='ltr'>CV</span> <span class='ocrx_word' id='word_1_308' title='bbox 1365 1778 1417 1810; x_wconf 86' lang='lat' dir='ltr'>sq.</span> <span class='ocrx_word' id='word_1_309' title='bbox 1443 1765 1603 1801; x_wconf 80' lang='lat' dir='ltr'>maxime</span> <span class='ocrx_word' id='word_1_310' title='bbox 1634 1777 1677 1800; x_wconf 89' lang='lat' dir='ltr'>ex</span> <span class='ocrx_word' id='word_1_311' title='bbox 1703 1765 1943 1801; x_wconf 88' lang='lat' dir='ltr'>collectaneis</span> <span class='ocrx_word' id='word_1_312' title='bbox 1968 1765 2126 1802; x_wconf 88' lang='lat' dir='ltr'>Gustavi</span> <span class='ocrx_word' id='word_1_313' title='bbox 2152 1765 2306 1802; x_wconf 88' lang='lat' dir='ltr'>Beckeri</span> 
     </span>
    </p>

    <p class='ocr_par' dir='ltr' id='par_1_7' title="bbox 106 1811 2306 1875">
     <span class='ocr_line' id='line_1_29' title="bbox 106 1811 2306 1875; baseline -0.003 -11"><span class='ocrx_word' id='word_1_314' title='bbox 106 1811 279 1875; x_wconf 40' lang='lat' dir='ltr'>Bracara</span> <span class='ocrx_word' id='word_1_315' title='bbox 375 1827 521 1871; x_wconf 80' lang='lat' dir='ltr'>dedit.⁴)</span> <span class='ocrx_word' id='word_1_316' title='bbox 565 1826 708 1867; x_wconf 87' lang='lat' dir='ltr'>Quibus</span> <span class='ocrx_word' id='word_1_317' title='bbox 734 1825 949 1870; x_wconf 84' lang='lat' dir='ltr'>catalogum</span> <span class='ocrx_word' id='word_1_318' title='bbox 975 1824 1116 1860; x_wconf 88' lang='lat' dir='ltr'>saeculi</span> <span class='ocrx_word' id='word_1_319' title='bbox 1140 1824 1228 1859; x_wconf 90' lang='lat' dir='ltr'>noni</span> <span class='ocrx_word' id='word_1_320' title='bbox 1247 1824 1527 1870; x_wconf 78' lang='lat' dir='ltr'>Sangallensem</span> <span class='ocrx_word' id='word_1_321' title='bbox 1553 1823 1689 1858; x_wconf 88' lang='lat' dir='ltr'>addam</span> <span class='ocrx_word' id='word_1_322' title='bbox 1714 1823 1751 1858; x_wconf 92' lang='lat' dir='ltr'>in</span> <span class='ocrx_word' id='word_1_323' title='bbox 1776 1823 1925 1859; x_wconf 88' lang='lat' dir='ltr'>rubrica</span> <span class='ocrx_word' id='word_1_324' title='bbox 1947 1824 2006 1860; x_wconf 89' lang='lat' dir='ltr'>‘de</span> <span class='ocrx_word' id='word_1_325' title='bbox 2029 1821 2186 1870; x_wconf 89' lang='lat' dir='ltr'>legibus&#39;</span> <span class='ocrx_word' id='word_1_326' title='bbox 2209 1823 2306 1860; x_wconf 81' lang='lat' dir='ltr'>codi-</span> 
     </span>
    </p>

    <p class='ocr_par' dir='ltr' id='par_1_8' title="bbox 89 1862 2306 1947">
     <span class='ocr_line' id='line_1_30' title="bbox 89 1862 2306 1947; baseline -0.003 -25"><span class='ocrx_word' id='word_1_327' title='bbox 89 1862 287 1947; x_wconf 44' lang='grc' dir='ltr'>ῃὲξίἐξέῒῖἕξὲὶ</span> <span class='ocrx_word' id='word_1_328' title='bbox 376 1898 453 1922; x_wconf 89' lang='lat' dir='ltr'>cem</span> <span class='ocrx_word' id='word_1_329' title='bbox 476 1885 548 1920; x_wconf 86' lang='lat' dir='ltr'>‘lex</span> <span class='ocrx_word' id='word_1_330' title='bbox 573 1883 851 1923; x_wconf 87' lang='lat' dir='ltr'>Theodosiana,</span> <span class='ocrx_word' id='word_1_331' title='bbox 878 1883 937 1919; x_wconf 86' lang='lat' dir='ltr'>lex</span> <span class='ocrx_word' id='word_1_332' title='bbox 964 1881 1252 1928; x_wconf 86' lang='lat' dir='ltr'>Ermogeniana,</span> <span class='ocrx_word' id='word_1_333' title='bbox 1279 1882 1339 1916; x_wconf 83' lang='lat' dir='ltr'>lex</span> <span class='ocrx_word' id='word_1_334' title='bbox 1365 1881 1544 1927; x_wconf 88' lang='lat' dir='ltr'>Papiani,</span> <span class='ocrx_word' id='word_1_335' title='bbox 1577 1881 1635 1916; x_wconf 87' lang='lat' dir='ltr'>lex</span> <span class='ocrx_word' id='word_1_336' title='bbox 1663 1882 1901 1924; x_wconf 85' lang='lat' dir='ltr'>Francorum,</span> <span class='ocrx_word' id='word_1_337' title='bbox 1927 1882 1988 1916; x_wconf 85' lang='lat' dir='ltr'>lex</span> <span class='ocrx_word' id='word_1_338' title='bbox 2012 1881 2306 1917; x_wconf 82' lang='lat' dir='ltr'>Alamannorum</span> 
     </span>
    </p>

    <p class='ocr_par' dir='ltr' id='par_1_9' title="bbox 371 1939 2306 1985">
     <span class='ocr_line' id='line_1_31' title="bbox 371 1939 2306 1985; baseline -0.003 -6"><span class='ocrx_word' id='word_1_339' title='bbox 371 1944 408 1979; x_wconf 91' lang='lat' dir='ltr'>in</span> <span class='ocrx_word' id='word_1_340' title='bbox 433 1942 621 1978; x_wconf 87' lang='lat' dir='ltr'>volumine</span> <span class='ocrx_word' id='word_1_341' title='bbox 647 1941 734 1976; x_wconf 86' lang='lat' dir='ltr'>uno’</span> <span class='ocrx_word' id='word_1_342' title='bbox 763 1943 1123 1976; x_wconf 85' lang='lat' dir='ltr'>commemorantem.</span> <span class='ocrx_word' id='word_1_343' title='bbox 1174 1940 1296 1975; x_wconf 85' lang='lat' dir='ltr'>Codex</span> <span class='ocrx_word' id='word_1_344' title='bbox 1321 1939 1575 1985; x_wconf 88' lang='lat' dir='ltr'>Sangallensis</span> <span class='ocrx_word' id='word_1_345' title='bbox 1602 1940 1667 1973; x_wconf 72' lang='lat'>731</span> <span class='ocrx_word' id='word_1_346' title='bbox 1700 1940 1869 1975; x_wconf 83' lang='lat' dir='ltr'>exeuntis</span> <span class='ocrx_word' id='word_1_347' title='bbox 1899 1939 2040 1976; x_wconf 84' lang='lat' dir='ltr'>saeculi</span> <span class='ocrx_word' id='word_1_348' title='bbox 2070 1939 2196 1975; x_wconf 89' lang='lat' dir='ltr'>octavi</span> <span class='ocrx_word' id='word_1_349' title='bbox 2228 1950 2306 1974; x_wconf 88' lang='grc'><strong>6556</strong></span> 
     </span>
    </p>

    <p class='ocr_par' dir='ltr' id='par_1_10' title="bbox 373 1987 2304 2045">
     <span class='ocr_line' id='line_1_32' title="bbox 373 1987 2304 2045; baseline -0.003 -9"><span class='ocrx_word' id='word_1_350' title='bbox 373 2001 535 2042; x_wconf 88' lang='lat' dir='ltr'>videtur,</span> <span class='ocrx_word' id='word_1_351' title='bbox 571 2000 615 2035; x_wconf 90' lang='lat' dir='ltr'>de</span> <span class='ocrx_word' id='word_1_352' title='bbox 641 2011 731 2044; x_wconf 87' lang='lat' dir='ltr'>quo,</span> <span class='ocrx_word' id='word_1_353' title='bbox 763 2001 944 2044; x_wconf 87' lang='lat' dir='ltr'>quantum</span> <span class='ocrx_word' id='word_1_354' title='bbox 977 1998 1024 2033; x_wconf 85' lang='lat' dir='ltr'>ad</span> <span class='ocrx_word' id='word_1_355' title='bbox 1055 1998 1177 2044; x_wconf 86' lang='lat' dir='ltr'>legem</span> <span class='ocrx_word' id='word_1_356' title='bbox 1211 1997 1415 2033; x_wconf 84' lang='lat' dir='ltr'>Romanam</span> <span class='ocrx_word' id='word_1_357' title='bbox 1442 1997 1722 2044; x_wconf 85' lang='lat' dir='ltr'>Visigothorum</span> <span class='ocrx_word' id='word_1_358' title='bbox 1758 1997 1938 2043; x_wconf 88' lang='lat' dir='ltr'>pertinet,</span> <span class='ocrx_word' id='word_1_359' title='bbox 1970 1987 2172 2045; x_wconf 81' lang='lat' dir='ltr'>Haenelius</span> <span class='ocrx_word' id='word_1_360' title='bbox 2197 1996 2304 2032; x_wconf 85' lang='lat' dir='ltr'>LRV.</span> 
     </span>
    </p>

    <p class='ocr_par' dir='ltr' id='par_1_11' title="bbox 372 2054 2306 2105">
     <span class='ocr_line' id='line_1_33' title="bbox 372 2054 2306 2105; baseline -0.001 -12"><span class='ocrx_word' id='word_1_361' title='bbox 372 2072 406 2105; x_wconf 91' lang='lat' dir='ltr'>p.</span> <span class='ocrx_word' id='word_1_362' title='bbox 425 2059 579 2093; x_wconf 85' lang='lat' dir='ltr'>LXXIII</span> <span class='ocrx_word' id='word_1_363' title='bbox 605 2058 673 2093; x_wconf 87' lang='lat' dir='ltr'>No.</span> <span class='ocrx_word' id='word_1_364' title='bbox 696 2058 740 2092; x_wconf 90' lang='grc'>42</span> <span class='ocrx_word' id='word_1_365' title='bbox 767 2060 805 2092; x_wconf 88' lang='lat' dir='ltr'>et</span> <span class='ocrx_word' id='word_1_366' title='bbox 830 2058 1077 2091; x_wconf 84' lang='lat' dir='ltr'>Mommsenus</span> <span class='ocrx_word' id='word_1_367' title='bbox 1102 2056 1141 2091; x_wconf 91' lang='lat' dir='ltr'>in</span> <span class='ocrx_word' id='word_1_368' title='bbox 1166 2055 1226 2090; x_wconf 91' lang='lat' dir='ltr'>his</span> <span class='ocrx_word' id='word_1_369' title='bbox 1244 2055 1521 2101; x_wconf 87' lang='lat' dir='ltr'>Prolegomenis</span> <span class='ocrx_word' id='word_1_370' title='bbox 1545 2068 1581 2101; x_wconf 89' lang='lat' dir='ltr'>p.</span> <span class='ocrx_word' id='word_1_371' title='bbox 1599 2055 1716 2090; x_wconf 84' lang='lat' dir='ltr'>XCIX</span> <span class='ocrx_word' id='word_1_372' title='bbox 1743 2058 1909 2102; x_wconf 84' lang='lat' dir='ltr'>egerunt.</span> <span class='ocrx_word' id='word_1_373' title='bbox 1958 2054 2148 2091; x_wconf 86' lang='lat' dir='ltr'>Breviario</span> <span class='ocrx_word' id='word_1_374' title='bbox 2173 2054 2306 2091; x_wconf 86' lang='lat' dir='ltr'>biblio-</span> 
     </span>
    </p>

    <p class='ocr_par' dir='ltr' id='par_1_12' title="bbox 370 2112 2305 2221">
     <span class='ocr_line' id='line_1_34' title="bbox 371 2112 2305 2160; baseline -0.002 -9"><span class='ocrx_word' id='word_1_375' title='bbox 371 2116 560 2152; x_wconf 84' lang='lat' dir='ltr'>thecarius</span> <span class='ocrx_word' id='word_1_376' title='bbox 586 2127 718 2151; x_wconf 88' lang='lat' dir='ltr'>nomen</span> <span class='ocrx_word' id='word_1_377' title='bbox 744 2115 815 2150; x_wconf 86' lang='lat' dir='ltr'>‘lex</span> <span class='ocrx_word' id='word_1_378' title='bbox 833 2114 1106 2156; x_wconf 87' lang='lat' dir='ltr'>Theodosiana,</span> <span class='ocrx_word' id='word_1_379' title='bbox 1132 2114 1192 2149; x_wconf 88' lang='lat' dir='ltr'>lex</span> <span class='ocrx_word' id='word_1_380' title='bbox 1215 2113 1497 2160; x_wconf 85' lang='lat' dir='ltr'>Ermogeniana,</span> <span class='ocrx_word' id='word_1_381' title='bbox 1522 2114 1583 2149; x_wconf 86' lang='lat' dir='ltr'>lex</span> <span class='ocrx_word' id='word_1_382' title='bbox 1609 2113 1783 2159; x_wconf 84' lang='lat' dir='ltr'>Papiani&#39;</span> <span class='ocrx_word' id='word_1_383' title='bbox 1807 2113 1927 2155; x_wconf 86' lang='lat' dir='ltr'>dedit;</span> <span class='ocrx_word' id='word_1_384' title='bbox 1953 2113 2075 2160; x_wconf 87' lang='lat' dir='ltr'>legem</span> <span class='ocrx_word' id='word_1_385' title='bbox 2099 2112 2305 2148; x_wconf 87' lang='lat' dir='ltr'>Romanam</span> 
     </span>
     <span class='ocr_line' id='line_1_35' title="bbox 370 2171 1908 2221; baseline -0.001 -12"><span class='ocrx_word' id='word_1_386' title='bbox 370 2173 685 2221; x_wconf 80' lang='lat' dir='ltr'>Burgundionum,</span> <span class='ocrx_word' id='word_1_387' title='bbox 711 2185 806 2218; x_wconf 89' lang='lat' dir='ltr'>quae</span> <span class='ocrx_word' id='word_1_388' title='bbox 832 2184 943 2218; x_wconf 89' lang='lat' dir='ltr'>saepe</span> <span class='ocrx_word' id='word_1_389' title='bbox 969 2173 1028 2207; x_wconf 83' lang='lat' dir='ltr'>lex</span> <span class='ocrx_word' id='word_1_390' title='bbox 1054 2171 1215 2217; x_wconf 78' lang='lat' dir='ltr'>Papi-ani</span> <span class='ocrx_word' id='word_1_391' title='bbox 1239 2172 1465 2216; x_wconf 88' lang='lat' dir='ltr'>nominatur,</span> <span class='ocrx_word' id='word_1_392' title='bbox 1493 2172 1607 2207; x_wconf 87' lang='lat' dir='ltr'>codex</span> <span class='ocrx_word' id='word_1_393' title='bbox 1633 2183 1706 2207; x_wconf 89' lang='lat' dir='ltr'>non</span> <span class='ocrx_word' id='word_1_394' title='bbox 1732 2172 1908 2208; x_wconf 84' lang='lat' dir='ltr'>eontinet.</span> 
     </span>
    </p>

    <p class='ocr_par' dir='ltr' id='par_1_13' title="bbox 487 2240 2305 2288">
     <span class='ocr_line' id='line_1_36' title="bbox 487 2240 2305 2288; baseline -0.002 -10"><span class='ocrx_word' id='word_1_395' title='bbox 487 2243 643 2278; x_wconf 88' lang='lat' dir='ltr'>Plurimi</span> <span class='ocrx_word' id='word_1_396' title='bbox 667 2243 799 2278; x_wconf 80' lang='lat' dir='ltr'>&#39;norum</span> <span class='ocrx_word' id='word_1_397' title='bbox 826 2242 1082 2288; x_wconf 85' lang='lat' dir='ltr'>catalogorum</span> <span class='ocrx_word' id='word_1_398' title='bbox 1101 2241 1249 2277; x_wconf 87' lang='lat' dir='ltr'>Galliae</span> <span class='ocrx_word' id='word_1_399' title='bbox 1274 2241 1464 2276; x_wconf 87' lang='lat' dir='ltr'>tribuendi</span> <span class='ocrx_word' id='word_1_400' title='bbox 1489 2243 1585 2283; x_wconf 89' lang='lat' dir='ltr'>sunt,</span> <span class='ocrx_word' id='word_1_401' title='bbox 1612 2241 1836 2277; x_wconf 86' lang='lat' dir='ltr'>Germaniae</span> <span class='ocrx_word' id='word_1_402' title='bbox 1855 2240 2126 2286; x_wconf 87' lang='lat' dir='ltr'>Helvetiaeque</span> <span class='ocrx_word' id='word_1_403' title='bbox 2144 2240 2305 2287; x_wconf 87' lang='lat' dir='ltr'>Augien-</span> 
     </span>
    </p>

    <p class='ocr_par' dir='ltr' id='par_1_14' title="bbox 372 2298 2304 2347">
     <span class='ocr_line' id='line_1_37' title="bbox 372 2298 2304 2347; baseline -0.002 -10"><span class='ocrx_word' id='word_1_404' title='bbox 372 2314 428 2338; x_wconf 89' lang='lat' dir='ltr'>ses</span> <span class='ocrx_word' id='word_1_405' title='bbox 453 2304 491 2336; x_wconf 88' lang='lat' dir='ltr'>et</span> <span class='ocrx_word' id='word_1_406' title='bbox 509 2300 772 2347; x_wconf 82' lang='lat' dir='ltr'>Sangallensis,</span> <span class='ocrx_word' id='word_1_407' title='bbox 798 2312 883 2335; x_wconf 90' lang='lat' dir='ltr'>nam</span> <span class='ocrx_word' id='word_1_408' title='bbox 903 2299 1167 2336; x_wconf 87' lang='lat' dir='ltr'>Corbionenses</span> <span class='ocrx_word' id='word_1_409' title='bbox 1183 2299 1410 2335; x_wconf 87' lang='lat' dir='ltr'>monasterio</span> <span class='ocrx_word' id='word_1_410' title='bbox 1429 2299 1607 2335; x_wconf 89' lang='lat' dir='ltr'>Corbeiae</span> <span class='ocrx_word' id='word_1_411' title='bbox 1625 2299 1664 2334; x_wconf 90' lang='lat' dir='ltr'>in</span> <span class='ocrx_word' id='word_1_412' title='bbox 1683 2299 1808 2335; x_wconf 85' lang='lat' dir='ltr'>Gallia</span> <span class='ocrx_word' id='word_1_413' title='bbox 1824 2299 1896 2335; x_wconf 86' lang='lat' dir='ltr'>sito</span> <span class='ocrx_word' id='word_1_414' title='bbox 1915 2298 2152 2335; x_wconf 88' lang='lat' dir='ltr'>adscribendi</span> <span class='ocrx_word' id='word_1_415' title='bbox 2175 2300 2304 2343; x_wconf 86' lang='lat' dir='ltr'>sunt.⁵)</span> 
     </span>
    </p>

    <p class='ocr_par' dir='ltr' id='par_1_15' title="bbox 70 2367 2307 2416">
     <span class='ocr_line' id='line_1_38' title="bbox 70 2367 2307 2416; baseline -0.004 -6"><span class='ocrx_word' id='word_1_416' title='bbox 70 2376 242 2410; x_wconf 72' lang='lat' dir='ltr'>Breviarii</span> <span class='ocrx_word' id='word_1_417' title='bbox 266 2386 348 2408; x_wconf 60' lang='lat' dir='ltr'>umes</span> <span class='ocrx_word' id='word_1_418' title='bbox 489 2371 545 2406; x_wconf 93' lang='lat' dir='ltr'>Ab</span> <span class='ocrx_word' id='word_1_419' title='bbox 578 2370 737 2416; x_wconf 90' lang='lat' dir='ltr'>septimo</span> <span class='ocrx_word' id='word_1_420' title='bbox 772 2369 920 2405; x_wconf 89' lang='lat' dir='ltr'>saeculo</span> <span class='ocrx_word' id='word_1_421' title='bbox 953 2381 1069 2413; x_wconf 86' lang='lat' dir='ltr'>usque</span> <span class='ocrx_word' id='word_1_422' title='bbox 1102 2369 1150 2404; x_wconf 89' lang='lat' dir='ltr'>ad</span> <span class='ocrx_word' id='word_1_423' title='bbox 1184 2368 1367 2404; x_wconf 87' lang='lat' dir='ltr'>decimum</span> <span class='ocrx_word' id='word_1_424' title='bbox 1399 2369 1553 2405; x_wconf 85' lang='lat' dir='ltr'>tertium</span> <span class='ocrx_word' id='word_1_425' title='bbox 1584 2368 1677 2404; x_wconf 88' lang='lat' dir='ltr'>varii</span> <span class='ocrx_word' id='word_1_426' title='bbox 1708 2372 1878 2405; x_wconf 88' lang='lat' dir='ltr'>auctores</span> <span class='ocrx_word' id='word_1_427' title='bbox 1909 2367 2193 2414; x_wconf 84' lang='lat' dir='ltr'>Francogalliae</span> <span class='ocrx_word' id='word_1_428' title='bbox 2218 2367 2307 2404; x_wconf 90' lang='lat' dir='ltr'>Ger-</span> 
     </span>
    </p>

    <p class='ocr_par' dir='ltr' id='par_1_16' title="bbox 161 2423 2306 2501">
     <span class='ocr_line' id='line_1_39' title="bbox 161 2423 2306 2501; baseline -0.002 -36"><span class='ocrx_word' id='word_1_429' title='bbox 161 2423 256 2501; x_wconf 57' lang='lat' dir='ltr'>‘JPtfld</span> <span class='ocrx_word' id='word_1_430' title='bbox 373 2428 593 2473; x_wconf 87' lang='lat' dir='ltr'>maniaeque</span> <span class='ocrx_word' id='word_1_431' title='bbox 619 2427 798 2463; x_wconf 87' lang='lat' dir='ltr'>nonnulla</span> <span class='ocrx_word' id='word_1_432' title='bbox 822 2428 1033 2472; x_wconf 83' lang='lat' dir='ltr'>fragmenta</span> <span class='ocrx_word' id='word_1_433' title='bbox 1058 2427 1154 2474; x_wconf 88' lang='lat' dir='ltr'>legis</span> <span class='ocrx_word' id='word_1_434' title='bbox 1172 2428 1361 2463; x_wconf 88' lang='lat' dir='ltr'>Romanae</span> <span class='ocrx_word' id='word_1_435' title='bbox 1379 2427 1678 2474; x_wconf 85' lang='lat' dir='ltr'>Wisigothorum</span> <span class='ocrx_word' id='word_1_436' title='bbox 1703 2426 1855 2472; x_wconf 89' lang='lat' dir='ltr'>eiusque</span> <span class='ocrx_word' id='word_1_437' title='bbox 1881 2426 2222 2461; x_wconf 87' lang='lat' dir='ltr'>additamentorum</span> <span class='ocrx_word' id='word_1_438' title='bbox 2246 2425 2306 2461; x_wconf 86' lang='lat' dir='ltr'>vel</span> 
     </span>
    </p>

    <p class='ocr_par' dir='ltr' id='par_1_17' title="bbox 109 2480 301 2511">
     <span class='ocr_line' id='line_1_40' title="bbox 109 2480 301 2511; baseline -0.01 -9"><span class='ocrx_word' id='word_1_439' title='bbox 109 2480 199 2511; x_wconf 69' lang='lat' dir='ltr'>scrip</span> <span class='ocrx_word' id='word_1_440' title='bbox 215 2480 301 2501; x_wconf 74' lang='lat' dir='ltr'>ores.</span> 
     </span>
    </p>
   </div>
   <div class='ocr_carea' id='block_1_5' title="bbox 374 2484 2307 2877">
    <p class='ocr_par' dir='ltr' id='par_1_18' title="bbox 374 2484 2307 2877">
     <span class='ocr_line' id='line_1_41' title="bbox 375 2484 2307 2532; baseline -0.003 -9"><span class='ocrx_word' id='word_1_441' title='bbox 375 2499 419 2523; x_wconf 88' lang='lat' dir='ltr'>ex</span> <span class='ocrx_word' id='word_1_442' title='bbox 444 2487 561 2532; x_wconf 90' lang='lat' dir='ltr'>ipsius</span> <span class='ocrx_word' id='word_1_443' title='bbox 578 2486 760 2522; x_wconf 72' lang='lat' dir='ltr'>Breviarii</span> <span class='ocrx_word' id='word_1_444' title='bbox 780 2486 969 2521; x_wconf 89' lang='lat' dir='ltr'>codicibus</span> <span class='ocrx_word' id='word_1_445' title='bbox 988 2486 1046 2522; x_wconf 81' lang='lat' dir='ltr'>vel</span> <span class='ocrx_word' id='word_1_446' title='bbox 1072 2498 1115 2520; x_wconf 85' lang='lat' dir='ltr'>ex</span> <span class='ocrx_word' id='word_1_447' title='bbox 1142 2485 1473 2532; x_wconf 88' lang='lat' dir='ltr'>compilationibus</span> <span class='ocrx_word' id='word_1_448' title='bbox 1499 2497 1521 2521; x_wconf 89' lang='lat' dir='ltr'>a</span> <span class='ocrx_word' id='word_1_449' title='bbox 1538 2485 1728 2521; x_wconf 80' lang='lat' dir='ltr'>Breviario</span> <span class='ocrx_word' id='word_1_450' title='bbox 1747 2484 2044 2531; x_wconf 88' lang='lat' dir='ltr'>dependentibus</span> <span class='ocrx_word' id='word_1_451' title='bbox 2069 2486 2307 2529; x_wconf 88' lang='lat' dir='ltr'>sumpserunt</span> 
     </span>
     <span class='ocr_line' id='line_1_42' title="bbox 375 2541 2305 2590; baseline -0.003 -10"><span class='ocrx_word' id='word_1_452' title='bbox 375 2544 630 2589; x_wconf 86' lang='lat' dir='ltr'>Breviariique</span> <span class='ocrx_word' id='word_1_453' title='bbox 660 2545 761 2580; x_wconf 86' lang='lat' dir='ltr'>locos</span> <span class='ocrx_word' id='word_1_454' title='bbox 790 2544 896 2579; x_wconf 89' lang='lat' dir='ltr'>nobis</span> <span class='ocrx_word' id='word_1_455' title='bbox 929 2544 1067 2589; x_wconf 88' lang='lat' dir='ltr'>partim</span> <span class='ocrx_word' id='word_1_456' title='bbox 1103 2544 1151 2579; x_wconf 88' lang='lat' dir='ltr'>ad</span> <span class='ocrx_word' id='word_1_457' title='bbox 1184 2544 1336 2580; x_wconf 90' lang='lat' dir='ltr'>verbum</span> <span class='ocrx_word' id='word_1_458' title='bbox 1368 2543 1510 2589; x_wconf 86' lang='lat' dir='ltr'>partim</span> <span class='ocrx_word' id='word_1_459' title='bbox 1542 2555 1650 2579; x_wconf 91' lang='lat' dir='ltr'>sensu</span> <span class='ocrx_word' id='word_1_460' title='bbox 1683 2546 1832 2580; x_wconf 87' lang='lat' dir='ltr'>tantum</span> <span class='ocrx_word' id='word_1_461' title='bbox 1865 2542 2060 2590; x_wconf 84' lang='lat' dir='ltr'>praebent.</span> <span class='ocrx_word' id='word_1_462' title='bbox 2115 2541 2305 2577; x_wconf 89' lang='lat' dir='ltr'>Habemus</span> 
     </span>
     <span class='ocr_line' id='line_1_43' title="bbox 377 2598 2305 2648; baseline -0.002 -11"><span class='ocrx_word' id='word_1_463' title='bbox 377 2601 574 2648; x_wconf 87' lang='lat' dir='ltr'>epistulas,</span> <span class='ocrx_word' id='word_1_464' title='bbox 613 2600 735 2636; x_wconf 88' lang='lat' dir='ltr'>varias</span> <span class='ocrx_word' id='word_1_465' title='bbox 771 2600 862 2634; x_wconf 85' lang='lat' dir='ltr'>iuris</span> <span class='ocrx_word' id='word_1_466' title='bbox 899 2599 1155 2641; x_wconf 90' lang='lat' dir='ltr'>collectiones,</span> <span class='ocrx_word' id='word_1_467' title='bbox 1193 2611 1306 2645; x_wconf 89' lang='lat' dir='ltr'>opera</span> <span class='ocrx_word' id='word_1_468' title='bbox 1335 2600 1678 2635; x_wconf 90' lang='lat' dir='ltr'>iurisconsultorum</span> <span class='ocrx_word' id='word_1_469' title='bbox 1715 2599 1876 2644; x_wconf 89' lang='lat' dir='ltr'>aliaque.</span> <span class='ocrx_word' id='word_1_470' title='bbox 1924 2598 2305 2635; x_wconf 85' lang='lat' dir='ltr'>Animadvertendum</span> 
     </span>
     <span class='ocr_line' id='line_1_44' title="bbox 375 2657 2306 2703; baseline -0.002 -8"><span class='ocrx_word' id='word_1_471' title='bbox 375 2663 432 2696; x_wconf 88' lang='lat' dir='ltr'>est</span> <span class='ocrx_word' id='word_1_472' title='bbox 456 2659 570 2695; x_wconf 90' lang='lat' dir='ltr'>etiam</span> <span class='ocrx_word' id='word_1_473' title='bbox 595 2657 907 2703; x_wconf 89' lang='lat' dir='ltr'>iurisprudentiae</span> <span class='ocrx_word' id='word_1_474' title='bbox 933 2657 1009 2692; x_wconf 89' lang='lat' dir='ltr'>illis</span> <span class='ocrx_word' id='word_1_475' title='bbox 1038 2657 1270 2702; x_wconf 88' lang='lat' dir='ltr'>temporibus</span> <span class='ocrx_word' id='word_1_476' title='bbox 1294 2657 1478 2693; x_wconf 88' lang='lat' dir='ltr'>neminem</span> <span class='ocrx_word' id='word_1_477' title='bbox 1503 2658 1578 2693; x_wconf 90' lang='lat' dir='ltr'>fere</span> <span class='ocrx_word' id='word_1_478' title='bbox 1604 2657 1677 2693; x_wconf 91' lang='lat' dir='ltr'>nisi</span> <span class='ocrx_word' id='word_1_479' title='bbox 1703 2657 1856 2693; x_wconf 89' lang='lat' dir='ltr'>clericos</span> <span class='ocrx_word' id='word_1_480' title='bbox 1881 2658 2088 2694; x_wconf 87' lang='lat' dir='ltr'>saeculares</span> <span class='ocrx_word' id='word_1_481' title='bbox 2112 2657 2174 2692; x_wconf 85' lang='lat' dir='ltr'>vel</span> <span class='ocrx_word' id='word_1_482' title='bbox 2197 2668 2306 2703; x_wconf 87' lang='lat' dir='ltr'>regu-</span> 
     </span>
     <span class='ocr_line' id='line_1_45' title="bbox 374 2714 2306 2762; baseline -0.002 -10"><span class='ocrx_word' id='word_1_483' title='bbox 374 2718 471 2753; x_wconf 89' lang='lat' dir='ltr'>lares</span> <span class='ocrx_word' id='word_1_484' title='bbox 495 2728 645 2762; x_wconf 84' lang='lat' dir='ltr'>operam</span> <span class='ocrx_word' id='word_1_485' title='bbox 663 2715 816 2751; x_wconf 90' lang='lat' dir='ltr'>dedisse.</span> <span class='ocrx_word' id='word_1_486' title='bbox 858 2717 907 2750; x_wconf 81' lang='lat' dir='ltr'>At</span> <span class='ocrx_word' id='word_1_487' title='bbox 933 2727 976 2751; x_wconf 89' lang='lat' dir='ltr'>ex</span> <span class='ocrx_word' id='word_1_488' title='bbox 1002 2715 1087 2757; x_wconf 90' lang='lat' dir='ltr'>illis,</span> <span class='ocrx_word' id='word_1_489' title='bbox 1115 2727 1209 2760; x_wconf 91' lang='lat' dir='ltr'>quae</span> <span class='ocrx_word' id='word_1_490' title='bbox 1235 2715 1474 2761; x_wconf 86' lang='lat' dir='ltr'>scripserunt.</span> <span class='ocrx_word' id='word_1_491' title='bbox 1501 2715 1676 2761; x_wconf 89' lang='lat' dir='ltr'>operibus</span> <span class='ocrx_word' id='word_1_492' title='bbox 1699 2716 1820 2752; x_wconf 84' lang='lat' dir='ltr'>multa</span> <span class='ocrx_word' id='word_1_493' title='bbox 1845 2716 1894 2751; x_wconf 89' lang='lat' dir='ltr'>ad</span> <span class='ocrx_word' id='word_1_494' title='bbox 1918 2716 2020 2761; x_wconf 89' lang='lat' dir='ltr'>ipsas</span> <span class='ocrx_word' id='word_1_495' title='bbox 2044 2714 2225 2751; x_wconf 86' lang='lat' dir='ltr'>ecclesiae</span> <span class='ocrx_word' id='word_1_496' title='bbox 2249 2726 2306 2749; x_wconf 91' lang='lat' dir='ltr'>res</span> 
     </span>
     <span class='ocr_line' id='line_1_46' title="bbox 375 2772 2306 2821; baseline -0.002 -10"><span class='ocrx_word' id='word_1_497' title='bbox 375 2774 580 2821; x_wconf 87' lang='lat' dir='ltr'>pertinent,</span> <span class='ocrx_word' id='word_1_498' title='bbox 612 2774 689 2809; x_wconf 89' lang='lat' dir='ltr'>sive</span> <span class='ocrx_word' id='word_1_499' title='bbox 715 2773 798 2808; x_wconf 88' lang='lat' dir='ltr'>usui</span> <span class='ocrx_word' id='word_1_500' title='bbox 823 2772 1079 2809; x_wconf 90' lang='lat' dir='ltr'>ecclesiastico</span> <span class='ocrx_word' id='word_1_501' title='bbox 1106 2773 1294 2809; x_wconf 84' lang='lat' dir='ltr'>destinata</span> <span class='ocrx_word' id='word_1_502' title='bbox 1319 2776 1405 2808; x_wconf 87' lang='lat' dir='ltr'>sunt</span> <span class='ocrx_word' id='word_1_503' title='bbox 1430 2773 1508 2809; x_wconf 84' lang='lat' dir='ltr'>sive</span> <span class='ocrx_word' id='word_1_504' title='bbox 1533 2774 1581 2808; x_wconf 87' lang='lat' dir='ltr'>ad</span> <span class='ocrx_word' id='word_1_505' title='bbox 1606 2774 1701 2809; x_wconf 85' lang='lat' dir='ltr'>alias</span> <span class='ocrx_word' id='word_1_506' title='bbox 1726 2774 1889 2809; x_wconf 89' lang='lat' dir='ltr'>rationes</span> <span class='ocrx_word' id='word_1_507' title='bbox 1914 2772 2094 2810; x_wconf 86' lang='lat' dir='ltr'>ecclesiae</span> <span class='ocrx_word' id='word_1_508' title='bbox 2119 2774 2306 2819; x_wconf 84' lang='lat' dir='ltr'>spectant,</span> 
     </span>
     <span class='ocr_line' id='line_1_47' title="bbox 376 2830 1695 2877; baseline -0.001 -10"><span class='ocrx_word' id='word_1_509' title='bbox 376 2832 453 2867; x_wconf 87' lang='lat' dir='ltr'>alia</span> <span class='ocrx_word' id='word_1_510' title='bbox 478 2832 662 2877; x_wconf 85' lang='lat' dir='ltr'>quaedam</span> <span class='ocrx_word' id='word_1_511' title='bbox 686 2831 782 2867; x_wconf 87' lang='lat' dir='ltr'>talia</span> <span class='ocrx_word' id='word_1_512' title='bbox 807 2843 880 2867; x_wconf 90' lang='lat' dir='ltr'>non</span> <span class='ocrx_word' id='word_1_513' title='bbox 906 2830 1108 2867; x_wconf 90' lang='lat' dir='ltr'>continent.</span> <span class='ocrx_word' id='word_1_514' title='bbox 1157 2831 1210 2866; x_wconf 90' lang='lat' dir='ltr'>De</span> <span class='ocrx_word' id='word_1_515' title='bbox 1235 2831 1294 2866; x_wconf 86' lang='lat' dir='ltr'>his</span> <span class='ocrx_word' id='word_1_516' title='bbox 1318 2830 1439 2877; x_wconf 91' lang='lat' dir='ltr'>primo</span> <span class='ocrx_word' id='word_1_517' title='bbox 1466 2830 1695 2867; x_wconf 88' lang='lat' dir='ltr'>disseremus.</span> 
     </span>
    </p>
   </div>
   <div class='ocr_carea' id='block_1_6' title="bbox 376 2946 2305 3039">
    <p class='ocr_par' dir='ltr' id='par_1_19' title="bbox 376 2946 2305 3039">
     <span class='ocr_line' id='line_1_48' title="bbox 495 2946 2305 2993; baseline -0.001 -11"><span class='ocrx_word' id='word_1_518' title='bbox 495 2949 521 2992; x_wconf 89' lang='lat'>¹)</span> <span class='ocrx_word' id='word_1_519' title='bbox 548 2950 700 2993; x_wconf 83' lang='lat' dir='ltr'>Scriptus</span> <span class='ocrx_word' id='word_1_520' title='bbox 735 2961 824 2982; x_wconf 87' lang='lat' dir='ltr'>anuo</span> <span class='ocrx_word' id='word_1_521' title='bbox 855 2948 922 2982; x_wconf 82' lang='grc'><strong>832</strong></span> <span class='ocrx_word' id='word_1_522' title='bbox 958 2949 1151 2982; x_wconf 83' lang='lat' dir='ltr'>Baiocassis</span> <span class='ocrx_word' id='word_1_523' title='bbox 1188 2950 1392 2983; x_wconf 83' lang='lat' dir='ltr'>monasterio</span> <span class='ocrx_word' id='word_1_524' title='bbox 1429 2949 1576 2992; x_wconf 86' lang='lat' dir='ltr'>quodam</span> <span class='ocrx_word' id='word_1_525' title='bbox 1614 2950 1845 2982; x_wconf 85' lang='lat' dir='ltr'>Normanuiae</span> <span class='ocrx_word' id='word_1_526' title='bbox 1882 2947 2003 2991; x_wconf 78' lang='lat' dir='ltr'>(Flaeh</span> <span class='ocrx_word' id='word_1_527' title='bbox 2040 2960 2073 2992; x_wconf 91' lang='lat' dir='ltr'>p.</span> <span class='ocrx_word' id='word_1_528' title='bbox 2097 2946 2174 2991; x_wconf 84' lang='lat'>85);</span> <span class='ocrx_word' id='word_1_529' title='bbox 2212 2947 2305 2991; x_wconf 85' lang='lat' dir='ltr'>apud</span> 
     </span>
     <span class='ocr_line' id='line_1_49' title="bbox 376 2994 2302 3039; baseline -0.002 -10"><span class='ocrx_word' id='word_1_530' title='bbox 376 2996 581 3029; x_wconf 87' lang='lat' dir='ltr'>Haenelium</span> <span class='ocrx_word' id='word_1_531' title='bbox 608 2997 706 3029; x_wconf 86' lang='lat' dir='ltr'>LRV.</span> <span class='ocrx_word' id='word_1_532' title='bbox 730 2996 864 3039; x_wconf 88' lang='lat' dir='ltr'>Proleg.</span> <span class='ocrx_word' id='word_1_533' title='bbox 881 2996 975 3028; x_wconf 80' lang='lat' dir='ltr'>LXV</span> <span class='ocrx_word' id='word_1_534' title='bbox 1000 2997 1115 3029; x_wconf 85' lang='lat' dir='ltr'>inveni</span> <span class='ocrx_word' id='word_1_535' title='bbox 1140 3007 1270 3029; x_wconf 87' lang='lat' dir='ltr'>annum</span> <span class='ocrx_word' id='word_1_536' title='bbox 1288 2995 1365 3036; x_wconf 59' lang='lat'>633,</span> <span class='ocrx_word' id='word_1_537' title='bbox 1391 2998 1451 3029; x_wconf 88' lang='lat' dir='ltr'>cfr.</span> <span class='ocrx_word' id='word_1_538' title='bbox 1473 2997 1572 3030; x_wconf 84' lang='lat' dir='ltr'>etiam</span> <span class='ocrx_word' id='word_1_539' title='bbox 1590 2997 1781 3037; x_wconf 86' lang='lat' dir='ltr'>Caillemer,</span> <span class='ocrx_word' id='word_1_540' title='bbox 1806 2998 1854 3029; x_wconf 85' lang='lat' dir='ltr'>Le</span> <span class='ocrx_word' id='word_1_541' title='bbox 1877 2996 1964 3028; x_wconf 86' lang='lat' dir='ltr'>droit</span> <span class='ocrx_word' id='word_1_542' title='bbox 1988 2995 2068 3028; x_wconf 88' lang='lat' dir='ltr'>civil</span> <span class='ocrx_word' id='word_1_543' title='bbox 2090 3000 2153 3028; x_wconf 86' lang='lat' dir='ltr'>etc.</span> <span class='ocrx_word' id='word_1_544' title='bbox 2171 3006 2204 3038; x_wconf 88' lang='lat' dir='ltr'>p.</span> <span class='ocrx_word' id='word_1_545' title='bbox 2218 2994 2302 3036; x_wconf 67' lang='grc' dir='ltr'>ὗες.</span> 
     </span>
    </p>
   </div>
   <div class='ocr_carea' id='block_1_7' title="bbox 378 3052 2305 3144">
    <p class='ocr_par' dir='ltr' id='par_1_20' title="bbox 378 3052 2305 3144">
     <span class='ocr_line' id='line_1_50' title="bbox 497 3052 2305 3096; baseline -0.001 -10"><span class='ocrx_word' id='word_1_546' title='bbox 497 3052 523 3095; x_wconf 80' lang='lat'>²)</span> <span class='ocrx_word' id='word_1_547' title='bbox 547 3055 639 3087; x_wconf 88' lang='lat' dir='ltr'>Inter</span> <span class='ocrx_word' id='word_1_548' title='bbox 656 3054 732 3086; x_wconf 90' lang='lat' dir='ltr'>illos</span> <span class='ocrx_word' id='word_1_549' title='bbox 750 3055 850 3086; x_wconf 83' lang='lat' dir='ltr'>etiam</span> <span class='ocrx_word' id='word_1_550' title='bbox 869 3054 974 3086; x_wconf 87' lang='lat' dir='ltr'>codex</span> <span class='ocrx_word' id='word_1_551' title='bbox 991 3054 1098 3086; x_wconf 90' lang='lat' dir='ltr'>Paris.</span> <span class='ocrx_word' id='word_1_552' title='bbox 1117 3054 1176 3086; x_wconf 82' lang='lat' dir='ltr'>lat.</span> <span class='ocrx_word' id='word_1_553' title='bbox 1195 3053 1307 3087; x_wconf 73' lang='lat'>10753</span> <span class='ocrx_word' id='word_1_554' title='bbox 1325 3065 1413 3087; x_wconf 87' lang='lat' dir='ltr'>saec.</span> <span class='ocrx_word' id='word_1_555' title='bbox 1428 3054 1533 3096; x_wconf 80' lang='lat' dir='ltr'>XJXI,</span> <span class='ocrx_word' id='word_1_556' title='bbox 1552 3055 1610 3096; x_wconf 91' lang='lat' dir='ltr'>qui</span> <span class='ocrx_word' id='word_1_557' title='bbox 1627 3054 1818 3087; x_wconf 85' lang='lat' dir='ltr'>Scintillam</span> <span class='ocrx_word' id='word_1_558' title='bbox 1837 3053 2065 3096; x_wconf 82' lang='lat' dir='ltr'>complectens</span> <span class='ocrx_word' id='word_1_559' title='bbox 2081 3053 2207 3086; x_wconf 88' lang='lat' dir='ltr'>librum</span> <span class='ocrx_word' id='word_1_560' title='bbox 2224 3052 2305 3085; x_wconf 90' lang='lat' dir='ltr'>XVI</span> 
     </span>
     <span class='ocr_line' id='line_1_51' title="bbox 378 3101 1598 3144; baseline 0.001 -11"><span class='ocrx_word' id='word_1_561' title='bbox 378 3101 543 3133; x_wconf 83' lang='lat' dir='ltr'>Breviarii</span> <span class='ocrx_word' id='word_1_562' title='bbox 567 3106 705 3133; x_wconf 82' lang='lat' dir='ltr'>auctum</span> <span class='ocrx_word' id='word_1_563' title='bbox 731 3101 880 3143; x_wconf 87' lang='lat' dir='ltr'>praebet.</span> <span class='ocrx_word' id='word_1_564' title='bbox 929 3102 989 3133; x_wconf 85' lang='lat' dir='ltr'>cfr.</span> <span class='ocrx_word' id='word_1_565' title='bbox 1014 3102 1205 3133; x_wconf 86' lang='lat' dir='ltr'>Mommsen</span> <span class='ocrx_word' id='word_1_566' title='bbox 1230 3101 1265 3133; x_wconf 89' lang='lat' dir='ltr'>in</span> <span class='ocrx_word' id='word_1_567' title='bbox 1289 3101 1341 3133; x_wconf 85' lang='lat' dir='ltr'>his</span> <span class='ocrx_word' id='word_1_568' title='bbox 1367 3102 1499 3144; x_wconf 86' lang='lat' dir='ltr'>Proleg.</span> <span class='ocrx_word' id='word_1_569' title='bbox 1525 3102 1598 3134; x_wconf 74' lang='lat' dir='ltr'>XC.</span> 
     </span>
    </p>
   </div>
   <div class='ocr_carea' id='block_1_8' title="bbox 379 3156 2305 3247">
    <p class='ocr_par' dir='ltr' id='par_1_21' title="bbox 379 3156 2305 3247">
     <span class='ocr_line' id='line_1_52' title="bbox 497 3156 2305 3202; baseline -0.001 -12"><span class='ocrx_word' id='word_1_570' title='bbox 497 3158 523 3199; x_wconf 80' lang='lat'>⁸)</span> <span class='ocrx_word' id='word_1_571' title='bbox 549 3158 682 3190; x_wconf 87' lang='lat' dir='ltr'>Haenel</span> <span class='ocrx_word' id='word_1_572' title='bbox 712 3158 746 3190; x_wconf 85' lang='lat' dir='ltr'>in</span> <span class='ocrx_word' id='word_1_573' title='bbox 772 3158 928 3190; x_wconf 78' lang='lat' dir='ltr'>Berichte</span> <span class='ocrx_word' id='word_1_574' title='bbox 958 3158 1017 3190; x_wconf 90' lang='lat' dir='ltr'>der</span> <span class='ocrx_word' id='word_1_575' title='bbox 1040 3158 1148 3190; x_wconf 79' lang='lat' dir='ltr'>s&#39;achs.</span> <span class='ocrx_word' id='word_1_576' title='bbox 1167 3160 1243 3192; x_wconf 88' lang='lat' dir='ltr'>Ges.</span> <span class='ocrx_word' id='word_1_577' title='bbox 1263 3157 1381 3200; x_wconf 81' lang='lat'>(1865)</span> <span class='ocrx_word' id='word_1_578' title='bbox 1408 3169 1439 3202; x_wconf 88' lang='lat' dir='ltr'>p.</span> <span class='ocrx_word' id='word_1_579' title='bbox 1459 3156 1477 3190; x_wconf 78' lang='grc'>7</span> <span class='ocrx_word' id='word_1_580' title='bbox 1503 3163 1537 3191; x_wconf 83' lang='lat' dir='ltr'>et</span> <span class='ocrx_word' id='word_1_581' title='bbox 1563 3157 1622 3199; x_wconf 77' lang='lat'>15;</span> <span class='ocrx_word' id='word_1_582' title='bbox 1656 3158 1788 3191; x_wconf 84' lang='lat' dir='ltr'>Merkel</span> <span class='ocrx_word' id='word_1_583' title='bbox 1812 3158 1858 3190; x_wconf 89' lang='lat' dir='ltr'>M.</span> <span class='ocrx_word' id='word_1_584' title='bbox 1877 3159 1917 3191; x_wconf 90' lang='lat' dir='ltr'>G.</span> <span class='ocrx_word' id='word_1_585' title='bbox 1936 3158 2005 3191; x_wconf 88' lang='lat' dir='ltr'>LL.</span> <span class='ocrx_word' id='word_1_586' title='bbox 2028 3156 2144 3198; x_wconf 87' lang='lat'>111,5;</span> <span class='ocrx_word' id='word_1_587' title='bbox 2177 3156 2305 3189; x_wconf 86' lang='lat' dir='ltr'>Conrat</span> 
     </span>
     <span class='ocr_line' id='line_1_53' title="bbox 379 3203 974 3247; baseline -0.002 -10"><span class='ocrx_word' id='word_1_588' title='bbox 379 3207 404 3243; x_wconf 88' lang='lat' dir='ltr'>I,</span> <span class='ocrx_word' id='word_1_589' title='bbox 424 3203 505 3245; x_wconf 76' lang='lat'>2283</span> <span class='ocrx_word' id='word_1_590' title='bbox 532 3206 591 3237; x_wconf 83' lang='lat' dir='ltr'>cfr.</span> <span class='ocrx_word' id='word_1_591' title='bbox 617 3205 706 3237; x_wconf 84' lang='lat' dir='ltr'>infra</span> <span class='ocrx_word' id='word_1_592' title='bbox 731 3216 760 3247; x_wconf 91' lang='lat' dir='ltr'>p.</span> <span class='ocrx_word' id='word_1_593' title='bbox 780 3205 974 3237; x_wconf 81' lang='lat' dir='ltr'>CCCXXX.</span> 
     </span>
    </p>
   </div>
   <div class='ocr_carea' id='block_1_9' title="bbox 494 3261 1488 3305">
    <p class='ocr_par' dir='ltr' id='par_1_22' title="bbox 494 3261 1488 3305">
     <span class='ocr_line' id='line_1_54' title="bbox 494 3261 1488 3305; baseline 0.001 -11"><span class='ocrx_word' id='word_1_594' title='bbox 494 3262 521 3304; x_wconf 73' lang='grc'>4)</span> <span class='ocrx_word' id='word_1_595' title='bbox 547 3263 606 3295; x_wconf 86' lang='lat' dir='ltr'>cfr.</span> <span class='ocrx_word' id='word_1_596' title='bbox 633 3263 764 3305; x_wconf 83' lang='lat' dir='ltr'>Fitting</span> <span class='ocrx_word' id='word_1_597' title='bbox 790 3263 824 3294; x_wconf 88' lang='lat' dir='ltr'>in</span> <span class='ocrx_word' id='word_1_598' title='bbox 849 3262 983 3294; x_wconf 85' lang='lat' dir='ltr'>ZfRG.¹</span> <span class='ocrx_word' id='word_1_599' title='bbox 1010 3263 1084 3301; x_wconf 83' lang='lat' dir='ltr'>VH,</span> <span class='ocrx_word' id='word_1_600' title='bbox 1102 3261 1146 3295; x_wconf 85' lang='grc'>87</span> <span class='ocrx_word' id='word_1_601' title='bbox 1161 3273 1227 3305; x_wconf 86' lang='lat' dir='ltr'>sq.;</span> <span class='ocrx_word' id='word_1_602' title='bbox 1254 3262 1360 3295; x_wconf 76' lang='lat' dir='ltr'>Flach</span> <span class='ocrx_word' id='word_1_603' title='bbox 1388 3261 1488 3295; x_wconf 79' lang='lat'>116¹.</span> 
     </span>
    </p>
   </div>
   <div class='ocr_carea' id='block_1_10' title="bbox 379 3318 2301 3405">
    <p class='ocr_par' dir='ltr' id='par_1_23' title="bbox 379 3318 2301 3405">
     <span class='ocr_line' id='line_1_55' title="bbox 496 3318 2301 3361; baseline -0.001 -9"><span class='ocrx_word' id='word_1_604' title='bbox 496 3320 521 3361; x_wconf 72' lang='grc' dir='ltr'>ὃ)</span> <span class='ocrx_word' id='word_1_605' title='bbox 548 3321 644 3360; x_wconf 84' lang='lat' dir='ltr'>Quae</span> <span class='ocrx_word' id='word_1_606' title='bbox 662 3320 826 3352; x_wconf 84' lang='lat' dir='ltr'>Flachius</span> <span class='ocrx_word' id='word_1_607' title='bbox 846 3318 931 3352; x_wconf 82' lang='lat'>116¹</span> <span class='ocrx_word' id='word_1_608' title='bbox 950 3321 990 3353; x_wconf 87' lang='lat' dir='ltr'>de</span> <span class='ocrx_word' id='word_1_609' title='bbox 1010 3321 1184 3353; x_wconf 88' lang='lat' dir='ltr'>codicibus</span> <span class='ocrx_word' id='word_1_610' title='bbox 1202 3321 1369 3353; x_wconf 83' lang='lat' dir='ltr'>Breviarii</span> <span class='ocrx_word' id='word_1_611' title='bbox 1395 3322 1430 3352; x_wconf 88' lang='lat' dir='ltr'>in</span> <span class='ocrx_word' id='word_1_612' title='bbox 1447 3320 1663 3353; x_wconf 83' lang='lat' dir='ltr'>bibliothecis</span> <span class='ocrx_word' id='word_1_613' title='bbox 1681 3321 1853 3353; x_wconf 84' lang='lat' dir='ltr'>variorum</span> <span class='ocrx_word' id='word_1_614' title='bbox 1872 3319 2003 3353; x_wconf 81' lang='lat' dir='ltr'>Galliae</span> <span class='ocrx_word' id='word_1_615' title='bbox 2020 3318 2301 3352; x_wconf 85' lang='lat' dir='ltr'>monasteriorum</span> 
     </span>
     <span class='ocr_line' id='line_1_56' title="bbox 379 3367 1560 3405; baseline 0 -6"><span class='ocrx_word' id='word_1_616' title='bbox 379 3367 562 3400; x_wconf 79' lang='lat' dir='ltr'>asservatis</span> <span class='ocrx_word' id='word_1_617' title='bbox 587 3367 679 3405; x_wconf 86' lang='lat' dir='ltr'>dicit,</span> <span class='ocrx_word' id='word_1_618' title='bbox 705 3378 782 3399; x_wconf 88' lang='lat' dir='ltr'>cum</span> <span class='ocrx_word' id='word_1_619' title='bbox 808 3367 895 3399; x_wconf 83' lang='lat' dir='ltr'>notis</span> <span class='ocrx_word' id='word_1_620' title='bbox 921 3367 1062 3399; x_wconf 86' lang='lat' dir='ltr'>Beckeri</span> <span class='ocrx_word' id='word_1_621' title='bbox 1087 3378 1155 3399; x_wconf 86' lang='lat' dir='ltr'>non</span> <span class='ocrx_word' id='word_1_622' title='bbox 1181 3368 1317 3399; x_wconf 86' lang='lat' dir='ltr'>omniuo</span> <span class='ocrx_word' id='word_1_623' title='bbox 1343 3367 1560 3399; x_wconf 87' lang='lat' dir='ltr'>concordant.</span> 
     </span>
    </p>
   </div>
  </div>
 </body>
</html>
