2501 3615
950 161 994 166 —-
1043 140 1184 177 CCXLI
1233 161 1276 166 —

150 250 270 284 Galliis
301 248 367 281 suit
395 247 544 280 Parisios
577 246 640 279 iter
671 246 801 279 faciens
827 246 864 287 (l.
883 258 911 279 c.
936 246 991 288 203,
1010 246 1041 287 5,
1060 245 1114 288 8),
1146 248 1205 280 ubi
1232 247 1434 290 Dagalaifus
1464 246 1572 278 victor
1601 246 1643 278 ad
1673 246 1908 289 imperatorem
1939 246 2073 279 rediens

150 307 268 342 consul
294 307 491 350 designatus
518 311 568 338 est
593 306 628 345 (l.
646 315 674 337 c.
701 303 755 345 27,
775 303 882 345 210)
913 311 946 337 et
971 306 1248 338 Valentinianum
1284 309 1424 348 apparet
1454 304 1701 336 hibernavisse.
1731 320 1772 326 --
1807 304 1931 336 Valens
1964 305 2074 337 hieme

152 370 273 398 exacta
298 364 589 406 Constantinopoli
616 374 674 406 per
699 363 896 406 Bithyniam
928 363 991 395 iter
1024 364 1173 405 suscepit
1205 364 1238 395 in
1265 363 1397 406 Syriam
1424 363 1460 403 (l.
1478 373 1505 394 c.
1526 360 1630 402 26,6,
1650 360 1721 404 11),
1755 373 1822 404 quo
1855 368 2005 395 morante
2039 363 2074 394 in

149 423 363 466 Cappadocia
381 420 416 463 (l.
430 433 458 455 c.
477 420 530 456 26.
545 419 575 461 7,
590 420 624 463 2)
644 422 830 464 Procopius
846 422 1026 464 Augustus
1043 421 1232 464 appellatus
1249 420 1575 463 Constantinopolim
1594 421 1768 462 ingressus
1786 424 1836 453 est
1853 420 1905 452 die
1923 420 2015 462 Sept.
2030 418 2074 451 28

151 480 304 522 (Consul.
329 480 586 523 Constantinop.
612 480 654 511 ad
680 480 712 511 h.
739 479 796 519 a.).
823 497 863 502 —-
896 479 1168 521 Subscriptiones
1194 479 1256 511 hae
1281 480 1517 522 Augustorum
1543 479 1742 512 consulum:

629 582 660 604 a.
678 570 758 605 365:
785 573 1028 606 Valentiniano
1053 577 1085 604 et
1110 571 1253 604 Valente
1279 572 1350 604 AA.

630 641 659 661 a.
679 628 762 662 368:
789 630 1031 662 Valentiniano
1057 631 1088 662 ΙΙ
1114 635 1147 662 et
1173 629 1314 661 Valente
1340 630 1371 661 11
1397 630 1469 661 ΛΑ.

630 699 659 720 a.
677 685 761 720 370:
787 688 1028 721 Valentiniano
1054 689 1104 720 111
1129 692 1162 720 et
1186 687 1328 719 Valente
1354 688 1403 719 111
1429 687 1501 719 ΑΛ.

630 756 661 777 a.
681 743 763 778 373:
789 746 1027 778 Valentiniano
1051 746 1118 777 1111
1143 750 1176 778 et
1200 745 1342 778 Valente
1366 745 1432 776 1111
1457 742 1529 776 ΑΛ.

147 845 224 868 cum
242 835 420 868 tradantur
437 837 506 869 fere
526 837 676 869 numeris
695 837 827 869 omissis
845 848 965 878 neque,
991 837 1050 869 ubi
1076 848 1134 879 per
1151 836 1385 879 exceptionem
1411 836 1546 875 adsunt,
1573 836 1613 868 iis
1638 841 1728 869 recte
1749 836 1904 877 fidamus,
1929 835 2075 878 denique

149 903 260 935 neque
291 893 326 925 in
358 893 451 926 hisce
482 895 579 926 annis
605 894 855 937 distinguendis
886 905 927 927 ex
960 894 1075 936 legum
1107 894 1225 925 ordIne
1252 903 1413 936 magnum
1440 894 1630 926 subsidium
1655 894 1795 926 accedat
1825 891 2075 936 (compilatores

146 950 239 982 enim
263 951 335 983 sine
360 951 463 983 dubio
490 951 551 994 ipsi
577 952 641 983 iam
668 951 932 994 subscript-iones
959 952 1007 983 ita
1032 955 1238 993 acceperunt
1263 950 1431 989 mutilas),
1460 951 1494 982 in
1519 951 1617 983 annis
1642 951 1834 993 digerendis
1859 951 2075 983 difficultates

147 1007 305 1041 insolitae
329 1009 482 1041 existunt
513 1014 547 1041 et
577 1019 676 1052 saepe
702 1008 960 1051 insuperabiles.
1010 1008 1175 1050 Equidem
1207 1008 1476 1051 subscriptiones
1501 1019 1616 1041 omnes
1648 1009 1720 1040 sine
1751 1009 1902 1040 numeris
1934 1009 2075 1040 traditas

146 1065 236 1098 infra
260 1077 329 1099 uno
353 1067 469 1099 ordine
493 1066 646 1105 exhibui,
672 1067 715 1099 ad
740 1066 929 1108 marginem
956 1070 1089 1105 notans,
1115 1066 1175 1098 ubi
1200 1066 1273 1098 fieri
1299 1066 1421 1109 potuit,
1447 1070 1601 1109 tempora
1618 1077 1698 1098 vera
1722 1066 1777 1099 vel
1802 1071 1892 1099 certe
1918 1066 2075 1109 probabi-

147 1123 243 1157 liora.
268 1142 313 1147 ——
338 1124 391 1156 Ad
414 1135 541 1157 annum
567 1128 681 1157 autem
707 1122 775 1157 365
799 1124 916 1156 rettuli
941 1124 1200 1156 constitutiones
1225 1124 1438 1166 potissimum
1464 1124 1541 1156 has:

231 1215 261 1250 1.
287 1217 382 1249 datas
406 1215 593 1248 Mediolani
617 1226 744 1258 omnes,
771 1215 931 1258 quoniam
956 1216 1096 1258 reliquis
1122 1215 1220 1248 annis
1246 1215 1355 1248 tribus
1373 1214 1593 1258 (quamquam
1611 1215 1760 1248 dubitari
1781 1220 1891 1258 potest
1907 1216 1948 1248 de
1965 1216 2076 1249 hieme

285 1284 317 1306 a.
335 1271 450 1316 373l4)
477 1273 739 1306 Valentinianus
764 1284 833 1306 non
859 1273 995 1305 videtur
1025 1273 1218 1306 constitisse
1250 1273 1442 1305 Mediolani.
1500 1274 1566 1305 Eas
1591 1284 1726 1315 quoque
1757 1273 1799 1305 ad
1830 1274 1922 1306 hunc
1946 1285 2075 1306 annum

283 1331 496 1372 rettulimus,
527 1342 615 1373 quae
649 1337 820 1364 extremos
845 1331 928 1364 anni
953 1342 1085 1364 menses
1104 1331 1190 1372 (Oct.
1206 1329 1250 1363 23
1276 1348 1318 1353 —
1344 1332 1430 1363 Nov.
1450 1329 1492 1363 17
1519 1349 1563 1353 -
1589 1332 1670 1364 Β80.
1690 1330 1733 1363 16
1750 1349 1793 1353 -
1811 1332 1892 1365 Dec.
1911 1330 1970 1372 20)
1997 1332 2076 1364 sub-

284 1389 427 1432 scriptos
451 1389 589 1422 habent.

228 1455 260 1490 2.
286 1458 382 1491 datas
415 1458 458 1490 ad
487 1458 731 1491 Mamertinum
766 1458 977 1500 praefectum
1009 1457 1179 1501 praetorio
1210 1457 1328 1490 Italiae
1359 1457 1488 1500 Illyrici
1514 1458 1649 1490 Africae
1675 1455 1891 1497 (Ammianus
1915 1455 1969 1496 26,
1984 1455 2016 1497 5,
2029 1456 2075 1499 5),

287 1517 451 1558 quoniam
477 1521 581 1549 antea
604 1516 898 1558 frequentissimae
923 1515 1025 1558 plane
1050 1515 1213 1548 deficiunt
1237 1526 1296 1558 per
1319 1526 1350 1548 a.
1369 1514 1446 1548 366.
1472 1513 1551 1553 367,
1578 1526 1785 1557 quamquam
1809 1515 1837 1547 si
1854 1515 2075 1547 Ammianum

286 1572 342 1615 27,
360 1572 392 1615 7,
415 1573 432 1606 1
457 1575 641 1617 sequimur,
667 1584 900 1606 successorem
925 1573 1061 1605 demum
1087 1573 1217 1616 accepit
1241 1584 1270 1605 a.
1289 1571 1356 1606 368
1379 1577 1562 1605 accusatus
1588 1573 1775 1615 peculatus.

227 1641 259 1676 3.
285 1643 470 1676 Volcacius
501 1643 647 1676 Rufinus
677 1654 755 1676 cum
786 1647 871 1676 teste
898 1643 1079 1675 Ammiano
1105 1641 1175 1683 (27,
1195 1640 1225 1684 7,
1243 1641 1278 1675 2.
1308 1641 1363 1684 11,
1383 1641 1416 1684 1)
1443 1643 1647 1676 Mamertino
1673 1643 1890 1682 successerit,
1922 1642 2076 1684 sequitur

284 1701 378 1734 hunc
402 1701 519 1734 iniisse
544 1713 572 1733 a.
592 1699 670 1742 365,
697 1701 800 1743 idque
826 1701 1004 1733 confirmat
1028 1701 1231 1743 rescriptum
1256 1702 1339 1733 Dec.
1359 1699 1401 1732 12
1426 1701 1563 1733 omnino
1589 1701 1692 1733 huius
1717 1701 1798 1733 anni
1818 1705 1934 1742 utpote
1955 1701 2073 1732 datum

282 1759 433 1791 Parisiis.
482 1759 569 1791 Sane
606 1770 739 1791 menses
776 1759 832 1791 hic
869 1769 1006 1801 quoque
1043 1758 1234 1801 perturbati
1270 1762 1367 1798 sunt,
1402 1769 1480 1791 cum
1513 1758 1702 1791 habeamus
1737 1758 1901 1800 rescripta
1934 1757 2013 1789 data
2035 1757 2075 1788 ad

283 1816 526 1849 Mamertinum
552 1827 572 1848 a
590 1817 661 1849 Ian.
681 1816 699 1848 1
725 1817 768 1849 ad
787 1817 866 1859 Apr.
884 1815 939 1856 26,
967 1817 1046 1848 item
1064 1816 1126 1848 Iul.
1150 1814 1192 1848 18
1216 1834 1261 1839 —
1286 1816 1376 1858 Aug.
1395 1814 1416 1848 4
1441 1834 1485 1838 —-
1511 1817 1584 1849 Oct.
1604 1815 1658 1856 31,
1685 1816 1805 1848 deinde
1830 1815 1908 1848 data
1939 1815 1980 1847 ad
2007 1816 2073 1847 Ru-

285 1875 394 1907 finum
419 1876 490 1907 Ian.
508 1873 553 1908 25
578 1893 622 1896 -
649 1876 725 1907 Iun.
743 1873 785 1907 21
813 1892 854 1896 —
881 1875 970 1917 Aug.
990 1873 1011 1906 6
1036 1891 1079 1896 —-
1105 1874 1196 1917 Sept.
1214 1872 1268 1906 23.

226 1942 258 1977 4.
284 1944 381 1977 datas
409 1944 454 1977 ad
479 1944 721 1987 Symmachum
753 1945 964 1986 praefectum
995 1943 1087 1984 urbi;
1120 1943 1249 1975 nullam
1280 1944 1369 1976 enim
1401 1945 1432 1976 ei
1457 1944 1655 1988 inscriptam
1680 1945 1845 1978 habemus
1870 1950 1945 1987 post
1970 1943 2073 1976 huius

281 2002 365 2034 anni
388 2003 471 2035 Dec.
489 2000 542 2034 20.

225 2069 256 2103 5.
282 2071 448 2114 epistulas
473 2071 571 2104 dat-as
595 2071 637 2103 ad
662 2071 889 2104 Volusianum
914 2083 944 2104 a.
964 2069 1031 2104 365
1059 2071 1224 2104 vicarium
1242 2070 1326 2112 (11011
1350 2070 1575 2114 praefectum)
1594 2072 1682 2109 urbi,
1708 2072 1749 2104 de
1774 2082 1840 2114 quo
1866 2071 1993 2103 dictum
2020 2074 2071 2102 est

281 2128 325 2160 ad
351 2128 381 2170 l,
393 2127 425 2168 6,
440 2128 472 2162 5.

223 2195 255 2230 6.
277 2197 373 2230 datas
397 2198 438 2230 ad
471 2199 671 2231 Sallustium
697 2199 894 2231 Secundum
920 2199 1028 2241 praef.
1055 2199 1225 2241 praetorio
1251 2198 1401 2231 Orientis
1425 2209 1560 2239 omnes3
1585 2198 1699 2230 nullas
1724 2198 1813 2230 enim
1838 2197 2005 2230 habemus
2029 2195 2073 2228 ad

282 2265 360 2288 eum
385 2255 482 2288 datas
506 2261 583 2298 post
606 2253 672 2288 366
697 2255 779 2298 Apr.
798 2254 829 2288 4.

257 2353 334 2385 Hae
358 2353 618 2386 constitutiones
643 2353 672 2385 si
695 2357 787 2386 recte
811 2353 996 2386 attributae
1021 2357 1102 2385 sunt
1127 2364 1217 2386 anno
1250 2354 1280 2386 ei
1313 2354 1353 2386 de
1387 2365 1453 2396 quo
1478 2354 1632 2396 agimus,
1657 2353 1936 2386 Valentinianum
1962 2352 2070 2384 decla-

143 2414 222 2443 rant
251 2409 437 2443 Mediolani
463 2411 629 2443 mansisse
654 2411 697 2444 ad
722 2411 809 2443 diem
837 2411 925 2453 Sept.
945 2409 982 2451 33
1008 2423 1087 2443 nam
1112 2412 1212 2443 Mart.
1234 2410 1275 2442 15
1300 2422 1387 2453 quae
1413 2411 1494 2444 data
1519 2411 1643 2443 dicitur
1668 2412 1777 2443 Senae
1803 2410 1965 2447 Gallicae,
1991 2410 2071 2441 item

144 2468 233 2510 Sept.
251 2466 296 2500 23
320 2469 502 2506 Luceriae,
534 2469 580 2501 ibi
613 2469 772 2501 videntur
798 2470 991 2512 propositae
1017 2480 1100 2501 esse.
1150 2469 1278 2502 Contra
1297 2470 1385 2512 Sept.
1405 2468 1448 2501 27
1475 2473 1508 2501 et
1532 2470 1605 2502 Oct.
1631 2470 1644 2500 1
1673 2469 1771 2501 datae
1788 2468 1965 2510 Aquileiae
1982 2471 2072 2499 recte

142 2526 332 2558 referentur
364 2526 409 2558 ad
440 2526 505 2558 iter
528 2527 571 2558 ab
600 2526 801 2569 imperatore
827 2531 1039 2569 susceptum,
1075 2538 1153 2559 cum
1188 2528 1384 2569 praesertim
1410 2527 1597 2559 secundum
1623 2527 1840 2558 Ammianum
1867 2524 1934 2566 (25,
1952 2524 1982 2563 5,
2005 2523 2071 2565 11),

143 2587 326 2626 antequam
351 2583 387 2615 in
406 2583 537 2616 Gallias
554 2589 719 2626 pergeret,
746 2585 909 2627 cogitavit
934 2585 974 2617 de
1000 2585 1181 2627 repetendo
1207 2585 1328 2618 itinere
1354 2585 1500 2627 Illyrico.
1543 2585 1700 2626 Denique
1725 2590 1792 2616 tres
1817 2584 1914 2616 datae
1932 2582 2072 2614 Parisiis

144 2638 232 2681 (Oct.
253 2639 296 2674 18
321 2659 365 2663 -
390 2641 471 2673 Dec.
492 2639 536 2673 lO
560 2659 600 2664 -
628 2642 710 2674 Dec.
734 2641 791 2683 12)
826 2647 980 2685 spectant
1012 2643 1053 2674 ad
1079 2643 1327 2685 expeditionem
1360 2653 1434 2675 eam
1459 2643 1583 2684 ipsam,
1618 2653 1719 2684 quam
1753 2642 1921 2684 significat
1945 2640 2071 2672 Ammi-

143 2709 243 2731 anus.
269 2715 311 2721 -—
338 2699 538 2731 Sirmienses
563 2704 725 2741 quattuor
751 2699 848 2742 (Apr.
866 2699 887 2731 8
913 2717 954 2722 —
982 2700 1071 2741 Aug.
1093 2698 1114 2732 3
1139 2717 1182 2722 —-
1208 2701 1298 2742 Aug.
1317 2698 1339 2732 4
1367 2718 1407 2722 --
1435 2701 1516 2732 Dec.
1534 2698 1592 2739 28)
1619 2710 1688 2740 quo
1718 2700 1920 2736 referamus,
1953 2709 2071 2740 parum

143 2760 294 2796 constat;
320 2767 398 2788 nam
424 2762 591 2798 quantum
616 2757 742 2789 scimus
768 2757 863 2790 nullo
889 2769 931 2790 ex
957 2757 1010 2789 his
1039 2762 1203 2799 quattuor
1230 2758 1330 2789 annis
1365 2757 1628 2790 Valentinianus
1659 2757 1819 2789 Sirmium
1851 2756 1942 2787 adiit.
1991 2756 2070 2786 For-

143 2818 233 2846 tasse
263 2825 324 2856 pro
350 2814 435 2846 data
465 2814 681 2846 scribendum
709 2818 760 2846 est
777 2814 960 2855 proposita
991 2814 1117 2847 collata
1142 2815 1336 2846 Savariensi
1365 2812 1414 2855 12,
1427 2813 1459 2855 6,
1476 2813 1534 2854 15;
1567 2816 1775 2857 praefectum
1808 2813 1973 2855 praetorio
2005 2812 2070 2853 pri-

142 2871 287 2904 marium
311 2871 462 2904 Probum
496 2881 554 2914 per
586 2871 647 2903 hos
673 2882 781 2903 annos
806 2871 897 2913 apud
921 2872 1082 2903 Sirmium
1108 2872 1218 2914 egisse
1243 2871 1292 2903 ait
1316 2872 1518 2903 Ammianus
1543 2870 1612 2911 (29.
1628 2869 1659 2911 6,
1675 2869 1718 2912 9).
1737 2888 1782 2893 —-
1798 2871 1926 2903 Valens
1951 2880 2070 2902 secun-

142 2927 224 2960 dum
258 2928 527 2971 subscriptiones
563 2929 714 2961 constitit
746 2929 846 2960 Febr.
868 2927 909 2960 16
935 2927 982 2968 (8,
1003 2927 1032 2970 1,
1051 2927 1086 2970 9)
1125 2935 1159 2961 et
1193 2930 1293 2960 Mart.
1315 2926 1356 2960 19
1394 2928 1703 2970 Constantinopoli,
1735 2926 1838 2960 1u1.4
1870 2928 2068 2965 Caesareae,

141 2985 206 3018 Iul.
223 2984 269 3018 30
293 2986 599 3029 Constantinopoli.

257 3055 329 3088 Sub
353 3065 385 3088 a.
402 3054 471 3088 365
496 3067 582 3098 quos
605 3056 767 3098 adscripsi
793 3067 902 3088 annos
926 3056 974 3088 ita
999 3054 1176 3097 intellege:
1211 3056 1271 3088 ubi
1302 3066 1465 3088 numerus
1495 3055 1524 3087 is
1557 3055 1723 3098 reperitur
1748 3066 1857 3097 neque
1882 3055 1987 3086 altero
2012 3054 2070 3086 ad·

142 3113 266 3156 scripto
297 3124 409 3156 neque
441 3118 524 3146 nota
549 3114 744 3153 dubitandi,
778 3114 824 3145 ibi
857 3112 1134 3146 constitutionem
1166 3113 1250 3144 mihi
1276 3113 1381 3144 videri
1412 3111 1630 3155 probabiliter
1659 3112 1775 3144 referri
1802 3123 1899 3154 posse
1924 3111 1967 3143 ad
1992 3122 2069 3143 con-

142 3170 291 3203 sulatum
317 3171 482 3214 primum3
507 3171 568 3204 ubi
599 3171 643 3204 ad
667 3182 699 3204 a.
717 3170 786 3203 365
810 3172 901 3203 intra
927 3171 1144 3213 parentheses
1169 3170 1360 3212 adscriptus
1386 3177 1436 3202 est
1461 3180 1623 3202 numerus
1648 3168 1715 3201 368
1742 3170 1795 3201 vel
1820 3168 1888 3202 370
1912 3169 1966 3201 vel
1990 3166 2068 3209 373,

142 3227 190 3260 ibi
219 3227 273 3261 his
297 3229 395 3261 annis
420 3229 697 3262 constitutionem
722 3229 829 3261 videri
861 3228 1114 3261 attribuendam
1149 3238 1239 3267 esse;
1274 3228 1334 3260 ubi
1367 3228 1407 3260 de
1432 3238 1511 3260 vero
1545 3238 1635 3260 anno
1670 3227 1752 3259 mihi
1781 3237 1850 3259 non
1879 3227 2068 3268 constabat,

141 3283 190 3316 ibi
213 3295 344 3319 annum
368 3284 436 3319 365
460 3287 561 3330 posui
585 3291 748 3328 sequente
772 3291 854 3320 nota
877 3286 1068 3319 dubitandi.
