2501 3615
943 149 983 154 —
1035 130 1193 165 XXXIII
1243 149 1285 154 -—-

656 284 712 325 11.
756 283 1084 326 EXEMPLAR
1116 280 1568 325 AVCTORITATIS.

836 367 1009 410 exemplar
1033 363 1257 408 auctoritatis]
1278 365 1314 399 S.
1334 368 1375 398 64
1397 363 1482 405 Cui„
1511 364 1699 396 auctoritas
1726 362 1873 403 (auctori
1893 360 1949 404 27)
1974 361 2081 394 alai-ic

976 426 1064 469 regis
1092 423 1184 467 (rege
1203 424 1257 466 X)
1276 423 1319 456 X.
1339 428 1385 456 11.
1407 425 1458 455 27.
1480 425 1524 455 29
1539 421 1588 454 ,4¹
1614 427 1643 454 et
1668 420 1852 463 zie-(sidiarii
1876 420 1998 462 reliqui

267 498 573 533 Connnonitorium
603 498 729 533 liabent
762 500 833 533 loco
863 499 1026 542 antiquo,
1065 499 1188 532 scilice!
1220 502 1298 542 post
1333 497 1497 532 breviarii
1522 495 1836 540 jnaescriptibnem
1866 493 2079 537 (breviatam

149 555 189 590 in
216 556 459 600 Montispess.)
490 560 560 591 tres
592 557 670 590 libri
700 556 801 591 modo
830 556 987 600 laudati,
1020 556 1214 590 Parisinus
1239 560 1328 591 4405
1357 556 1414 598 (=
1438 555 1479 599 S)
1511 554 1641 599 integri
1671 553 1783 597 operis
1814 556 1843 586 et
1872 551 2082 586 decurtatus

152 613 378 658 Montispaes.
392 617 454 649 136
469 615 527 657 (=
546 618 603 654 24)
623 618 652 649 ct
671 616 841 659 epitomae
855 614 1027 650 Monachi
1043 625 1136 658 quae
1155 613 1291 648 dic-itur
1307 613 1412 648 coclea:
1426 612 1670 648 Berolinensis
1687 614 1745 655 (=
1760 611 1829 656 64),
1849 610 1911 654 qui
1933 609 2028 643 solus
2045 618 2086 642 ece

149 673 197 705 tot
219 670 394 706 codicibus
411 671 631 706 Alarieianis
654 672 958 716 praescriptionem
976 671 1221 705 auctoritatem
1245 670 1531 714 subscriptionem
1554 680 1670 704 omnes
1692 672 1762 704 tres
1787 671 1819 703 et
1843 667 1919 702 suis
1937 665 2078 711 quidem

149 729 235 765 locis
259 729 401 764 exhibet.
453 729 621 764 Eundem
645 730 868 764 auctoritatis
892 732 1027 763 temtum
1053 728 1229 771 exhibent,
1260 732 1300 762 ut
1329 732 1502 762 monstrat
1534 728 1636 762 varia
1665 727 1777 771 lectio,
1811 724 1974 760 breviarii
2001 723 2083 758 libri

152 791 334 833 quattuor,
356 787 552 822 Parisinus
571 793 659 823 4406
682 788 710 829 f.
727 792 858 822 57-59
875 788 934 830 (=
953 789 1004 830 11)
1028 787 1180 828 sortasse
1204 786 1285 820 olim
1303 786 1433 830 plenus
1455 788 1486 820 et
1504 785 1680 820 decurtati
1697 788 1764 819 tres
1781 782 1973 818 Parisinus
1991 785 2082 815 4410

151 846 212 889 (=
230 848 296 889 29),
324 845 581 880 Ambrosianus
600 845 630 880 C
642 850 705 880 276
723 845 791 890 inf.
811 844 869 889 (=
890 847 940 886 37,
967 843 1026 878 sed
1047 847 1150 887 parte
1175 843 1257 887 solii
1280 843 1450 885 inferiore
1473 842 1678 887 deperdita),
1707 840 1963 887 Lugdunensis
1987 839 2079 873 Voss.

153 915 184 948 q.
203 909 249 939 47
271 905 330 947 (=
350 905 420 949 38).
469 904 606 939 Omissa
632 903 913 947 1naescriptione
944 902 1046 936 habet
1080 901 1389 936 Commonitorium
1423 911 1465 935 eze
1499 901 1595 934 libris
1623 900 1740 944 plenis
1771 898 1966 933 Parisinus
1991 900 2083 930 4404

153 966 210 1004 (=
232 961 302 1005 N);
328 962 608 1006 praescriptione
638 961 870 1005 transposita,
904 963 942 993 ut
969 970 1081 1003 supra
1110 959 1245 994 dietum
1271 962 1335 1001 est,
1370 958 1542 993 decurtati
1565 961 1743 1002 quattuor,
1773 956 1968 991 Parisinus
1992 958 2083 989 4408

153 1021 213 1063 (=
236 1022 309 1063 27),
347 1020 542 1054 Parisinus
567 1024 653 1054 9652
681 1020 740 1062 (=
758 1018 833 1061 44),
869 1018 1110 1052 Varsoriensis
1137 1017 1366 1051 Keller-ianus
1397 1020 1455 1060 (z
1478 1016 1555 1061 39),
1591 1014 1832 1049 Berolinensis
1863 1013 1944 1048 Lat.
1969 1022 1999 1056 (1.
2021 1015 2085 1046 150

155 1079 214 1120 (=
233 1079 303 1121 43).
353 1077 580 1121 Praescripta
605 1080 689 1111 sunt
721 1076 822 1111 verba
853 1076 987 1121 incipit
1017 1076 1111 1111 liber
1136 1076 1261 1122 legum
1292 1076 1333 1109 in
1358 1075 1540 1109 Parisinis
1563 1078 1665 1109 4406.
1691 1078 1781 1108 9652
1805 1076 1834 1106 et
1859 1069 2086 1106 Berolinensi

154 1140 280 1180 q.150;
305 1138 482 1169 tractatus
505 1134 548 1169 de
567 1133 737 1179 yradibus
757 1135 798 1168 in
814 1134 986 1169 Parisino
1004 1138 1108 1169 4406.
1142 1133 1312 1178 Sequitur
1328 1135 1443 1167 textus
1465 1131 1704 1166 Theodosium
1726 1131 1766 1164 in
1787 1129 1964 1164 Parisinis
1982 1132 2082 1162 4405.

156 1196 256 1228 4408.
281 1196 376 1235 9652,
403 1191 636 1226 Ambrosiam
665 1191 694 1225 0
712 1196 776 1226 276
792 1192 873 1235 infi,
900 1191 1123 1226 Berolinensi
1146 1196 1278 1235 q.150;
1303 1190 1468 1225 rubricae
1495 1190 1536 1224 in
1559 1189 1886 1233 Montispessulano
1907 1190 1986 1228 136,·
2011 1185 2085 1227 for-

156 1249 275 1284 mulae
297 1248 339 1283 de
367 1249 467 1283 trina
495 1249 720 1284 concentione
750 1253 782 1284 et
813 1249 855 1284 de
885 1250 958 1284 litis
988 1249 1153 1294 eaepensis
1176 1249 1217 1283 in
1244 1248 1426 1283 Parisinis
1449 1253 1548 1283 4406.
1569 1252 1657 1282 4410
1683 1250 1715 1281 et
1738 1246 1779 1280 in
1805 1244 1968 1280 Leidensi
1990 1243 2084 1277 Voss.

155 1317 187 1350 q.
206 1311 260 1350 47,
286 1317 378 1350 quae
402 1305 584 1350 adnotavi,
612 1307 780 1351 quoniam
803 1307 949 1349 faciunt
974 1307 1024 1341 ad
1047 1306 1203 1341 codicum
1222 1306 1427 1350 parentelas
1444 1304 1743 1340 determinandas.
1782 1303 1947 1346 Denique
1971 1304 2088 1335 aucto-

156 1364 248 1398 ritas
272 1367 322 1398 est
346 1365 386 1398 in
409 1364 581 1408 epitomae
598 1364 821 1409 Aeqidianae
845 1365 943 1399 libris
968 1365 1208 1408 compluribus
1226 1365 1344 1399 Paris.
1364 1369 1452 1400 4409
1470 1364 1497 1406 f.
1514 1369 1578 1398 144
1599 1379 1641 1392 =
1658 1363 1720 1397 A1.
1744 1366 1842 1396 4416.
1865 1365 1960 1395 4417.
1985 1363 2086 1393 4626.

158 1425 252 1458 4633.
272 1426 371 1458 4696.
388 1434 497 1458 nouV.
516 1433 596 1466 acq.
615 1423 695 1457 Lat.
711 1427 796 1465 204,·
818 1422 990 1457 Vaticano
1012 1433 1084 1467 req.
1100 1428 1144 1457 99
1171 1436 1182 1466 ,·
1207 1422 1440 1457 Leidensibus
1457 1421 1592 1456 duobus
1610 1420 1709 1464 publ.
1728 1430 1758 1463 q.
1776 1423 1833 1453 119
1849 1421 1879 1452 et
1898 1417 1992 1451 univ.
2012 1421 2088 1459 114;

161 1480 428 1526 Sanpauliano.
453 1500 497 1506 -
522 1480 657 1523 Adfuit
685 1480 996 1515 Commonitorium
1026 1481 1067 1514 in
1097 1481 1135 1514 br
1176 1481 1267 1515 iario
1290 1480 1396 1525 pleno
1421 1484 1493 1514 tam
1520 1479 1560 1513 in
1582 1480 1769 1523 prototypo
1799 1474 1920 1510 elassis
1945 1472 2090 1517 prioris,

158 1539 262 1574 cuius
292 1542 344 1574 est
372 1538 477 1574 coclea:
500 1538 550 1582 N,
582 1550 689 1583 quam
719 1539 759 1572 in
785 1542 977 1583 prototypo
1004 1539 1220 1582 posterioris,
1253 1538 1356 1573 euius
1387 1541 1434 1572 est
1463 1537 1570 1572 codex
1594 1536 1638 1574 S:
1670 1534 1730 1570 sed
1758 1538 1873 1568 tamen
1905 1530 2091 1566 dirersitas

154 1600 427 1642 prototyporum
452 1608 571 1632 earum
597 1597 654 1632 liic
671 1607 808 1641 quoque
833 1600 985 1641 apparet
1006 1597 1158 1631 maaeime
1181 1596 1266 1630 inde
1283 1595 1376 1640 quod
1394 1607 1421 1630 v.
1437 1601 1475 1630 15
1494 1594 1699 1629 rocabulum
1716 1591 1902 1637 pertinere
1927 1589 2090 1623 omittunt

159 1658 192 1690 et
207 1654 249 1690 N
264 1655 398 1699 plenus
422 1658 455 1690 et
478 1656 610 1700 reliqui
634 1666 760 1690 omnes.
776 1675 818 1680 -
837 1655 979 1689 Horum
1002 1655 1171 1698 codicum,
1195 1665 1282 1698 quos
1301 1657 1451 1698 praeter
1472 1652 1737 1687 Varsociensem
1757 1660 1875 1684 omnes
1898 1648 1975 1692 ipse
2000 1651 2090 1681 trac-

161 1713 235 1748 tavi
258 1714 309 1748 rel
333 1713 522 1758 descriptos
545 1713 672 1757 habui,
698 1713 779 1748 dedi
804 1714 978 1748 lectionem
997 1714 1161 1757 plenam,
1188 1713 1259 1747 nisi
1283 1712 1380 1757 quod
1403 1712 1444 1745 in
1468 1710 1680 1755 Aeyidianis
1703 1708 1812 1743 solius
1837 1707 1889 1740 Α1
1915 1705 2090 1739 lectionem

156 1771 300 1816 plenam
330 1771 463 1814 rettuli,
489 1775 630 1815 praeter
662 1783 742 1806 eum
774 1771 915 1806 attendi
940 1771 1164 1815 potissimum
1189 1770 1237 1804 ad
1265 1770 1475 1805 Paris-inum
1500 1772 1587 1803 4496
1610 1779 1634 1801 a
1657 1765 1805 1809 reliquis
1823 1763 1958 1808 passim
1984 1761 2091 1796 disee-

161 1829 307 1864 dentem.
348 1829 410 1864 Ad
434 1829 657 1874 archetypum
682 1829 725 1863 ab
750 1829 779 1864 S
799 1828 986 1872 diversum,
1010 1829 1138 1863 scilicet
1162 1828 1287 1862 datu-m
1309 1838 1384 1862 non
1408 1826 1590 1868 Timotheo,
1617 1824 1676 1859 sed
1705 1824 1857 1866 fortasse
1876 1819 2090 1864 Nepotiane,

162 1887 254 1922 redit
276 1887 383 1922 codex
401 1891 445 1923 24
462 1888 507 1922 ab
525 1887 555 1922 S
577 1887 661 1922 alibi
679 1887 815 1931 passim
839 1886 1014 1931 recedens,
1040 1887 1102 1921 sed
1125 1886 1265 1930 habens,
1287 1886 1430 1931 pariter
1447 1889 1551 1928 atque
1568 1883 1603 1927 S,
1629 1894 1656 1917 v.
1673 1887 1715 1917 15
1732 1881 1870 1915 verbum
1895 1877 2091 1924 pertinere.

168 1946 477 1982 Commonitorium
498 1945 590 1990 quod
610 1946 702 1980 abest
725 1957 749 1979 a
767 1945 880 1980 codice
897 1946 944 1990 A,
969 1945 1053 1980 inde
1078 1945 1285 1989 explicatur,
1309 1943 1404 1988 quod
1428 1944 1459 1977 is
1484 1943 1656 1985 inteqrum
1677 1939 1959 1974 Theodosianum
1984 1935 2093 1979 mayis

163 2004 274 2048 refert
299 2015 405 2049 quam
429 2003 651 2039 breviarium.
679 2025 723 2029 -—
747 2003 916 2039 Editores
940 2003 1169 2047 antiquiores,
1192 2003 1295 2037 etiam
1316 2002 1432 2037 Titius
1455 2000 1613 2045 pendent
1638 2000 1682 2033 ab
1708 1998 1852 2042 epitome
1870 1995 2093 2039 Aemiliana,-

167 2061 338 2098 Ouiae-ius
353 2074 387 2097 a.
402 2067 490 2098 1566
506 2062 788 2103 emendatiorem,
813 2073 889 2097 non
913 2061 1134 2097 emendatam
1156 2060 1251 2095 dedit
1273 2060 1323 2094 ad
1340 2059 1487 2094 codicem
1508 2057 1705 2093 Ranconeti
1722 2072 1764 2084 =
1782 2055 1811 2089 S
1823 2054 1959 2088 adiecta
1977 2052 2095 2086 Karo-

166 2120 300 2167 linqica
320 2120 576 2164 subscriptione
599 2131 642 2154 eoe
657 2120 770 2155 codice
793 2120 929 2164 iynoto5
953 2120 993 2154 in
1019 2121 1133 2154 altera
1157 2119 1309 2154 editione
1335 2129 1367 2151 α.
1385 2122 1469 2152 1586
1489 2126 1553 2160 per
1571 2115 1753 2150 Pithoeum
1779 2110 1977 2155 adsumpsit
2002 2108 2095 2144 eodi-

164 2188 237 2212 cem
261 2177 471 2213 Parisinum
495 2182 589 2213 4406
607 2193 649 2206 =
668 2184 716 2213 11.

283 2256 614 2293 Commonitorium
639 2258 836 2295 Timotheo
864 2272 894 2293 v.
913 2257 1115 2304 spectabili
1141 2256 1279 2293 comiti.

284 2320 483 2358 Utilitates
506 2322 638 2368 populi
663 2323 780 2358 nostri
805 2322 973 2368 propitia
999 2321 1198 2357 divinitate
1225 2323 1431 2357 tractantes
1456 2320 1525 2354 hoc
1553 2329 1715 2362 qnoque,
1750 2315 1849 2360 quod
1880 2313 1918 2348 in
1950 2311 2097 2358 legibus

171 2377 369 2414 videbatur
403 2379 592 2424 iniquum,
631 2380 782 2416 meliore
821 2380 1091 2416 deliberatione
1128 2379 1361 2425 corrigimus,
1399 2380 1442 2413 ut
1476 2375 1592 2412 omnis
1622 2376 1748 2421 legum
1781 2373 2027 2407 Romanarum
2059 2371 2097 2404 et

171 2435 320 2481 antiqui
352 2436 442 2472 iuris
477 2437 684 2473 obscuritas
710 2438 892 2473 adhibitis
918 2437 1173 2474 sacerdotibus
1204 2449 1247 2472 ae
1273 2436 1461 2472 nobilibus
1488 2434 1576 2469 viris
1601 2433 1639 2468 in
1664 2433 1785 2467 lucem
1813 2426 2095 2474 intellegentiae

171 2493 335 2529 melioris
360 2495 521 2531 deducta
544 2496 783 2541 resplendeat
808 2498 846 2532 et
872 2495 967 2531 nihil
993 2496 1178 2531 habeatur
1203 2494 1436 2539 ambiguum,
1470 2493 1565 2527 uncle
1595 2504 1633 2526 se
1659 2490 1834 2525 diuturna
1861 2488 1924 2522 aut
1952 2485 2097 2520 diversa

171 2551 404 2598 iurgantium
427 2552 612 2599 inpugnet
637 2553 810 2589 obiectio.
849 2554 990 2594 Quibus
1016 2553 1186 2588 omnibus
1211 2551 1417 2588 enucleatis
1443 2553 1555 2595 atque
1582 2549 1619 2584 in
1644 2559 1756 2583 unum
1781 2546 1917 2580 librum
1942 2543 2097 2589 pruden-

173 2662 186 2694 l
216 2661 510 2696 commonitorium
535 2661 697 2694 timotheo
723 2672 756 2693 u.
775 2660 954 2703 spectabili
979 2660 1101 2692 comite
1135 2660 1137 2703 ξ
1172 2656 1386 2702 corrigimus]
1428 2657 1637 2700 correginius
1671 2654 1707 2687 S.
1736 2657 1782 2685 11.
1809 2655 1862 2684 24.
1890 2654 1939 2683 27.
1965 2651 2017 2682 37.
2044 2650 2098 2687 43,

170 2707 224 2749 (-ti
249 2706 303 2742 Sb
323 2705 423 2750 C‘zti.)]
452 2706 481 2740 S
501 2706 592 2748 Cui„
628 2719 705 2740 cum
743 2706 924 2748 (sequentis
958 2717 1101 2738 eranue-
1172 2706 1382 2748 corregimur
1405 2707 1458 2737 29.
1479 2706 1532 2736 38.
1559 2705 1602 2734 64
1697 2710 1812 2732 omnes
1836 2698 1879 2730 λ’.
1904 2700 1952 2729 27.
1972 2698 2021 2727 37.
2043 2698 2097 2727 43.

169 2755 266 2797 runt)
289 2757 348 2796 64,
379 2753 498 2795 incipit
530 2753 693 2796 prologus
724 2764 766 2786 ex
796 2764 935 2795 corpore
965 2752 1101 2785 theodo·
1172 2755 1228 2784 44.
1248 2755 1291 2784 64
1309 2751 1359 2783 Al
1383 2750 1507 2790 Titius,
1543 2758 1641 2781 omne
1667 2751 1713 2780 11.
1739 2749 1791 2778 29.
1813 2746 1860 2777 38
1946 2752 2098 2774 romana-

170 2802 259 2834 siani
284 2797 705 2841 commonitori(‘?)u(?)m(‘?)
722 2816 791 2832 *n*
809 2797 962 2842 pot('?)i(?)
979 2807 981 2840 j
997 2809 1101 2830 anum
1173 2795 1261 2841 rum]
1280 2808 1496 2830 romanorum
1512 2798 1566 2827 24.
1580 2797 1631 2826 27.
1647 2796 1700 2826 29.
1712 2795 1765 2826 38.
1778 2794 1822 2823 44
1838 2790 1887 2822 ΑΙ
1963 2787 1983 2820 4
2001 2784 2097 2837 iuris]

172 2846 338 2889 (sequitur
354 2846 501 2888 spatium
516 2846 674 2886 vacuum)
694 2856 771 2878 men
787 2845 816 2877 is
834 2844 914 2887 (sic)
932 2845 968 2876 in
990 2844 1103 2877 codiee
1173 2845 1239 2876 iuri
1267 2846 1310 2877 38
1380 2839 1553 2884 adhibitis]
1579 2840 1722 2873 adebitis
1740 2842 1788 2871 11.
1804 2840 1854 2878 29,
1881 2834 2023 2868 adeditis
2043 2835 2096 2873 38,

175 2895 222 2925 24
246 2893 322 2936 leyi,
346 2904 415 2926 esse
444 2892 591 2934 potuisse
617 2892 909 2924 commonitorium
935 2891 976 2923 ad
995 2892 1104 2933 Nepo-
1173 2891 1345 2922 adhibitur
1360 2892 1404 2921 27
1484 2886 1537 2929 ac]
1565 2888 1628 2919 hac
1654 2886 1690 2918 S.
1709 2888 1751 2917 24
1768 2883 1816 2915 A²
1894 2878 1989 2922 uiris]
2016 2880 2099 2912 iuris

173 2940 305 2973 tianum
398 2950 497 2972 amen
522 2938 657 2979 scripsit
681 2938 728 2970 ad
754 2948 803 2970 me
829 2937 900 2970 loeo
925 2937 1104 2978 diliqenter
1174 2937 1264 2969 Pulc.
1336 2933 1461 2978 lucem]
1487 2935 1598 2976 legem
1623 2935 1665 2964 24
1782 2929 1804 2962 ἴ)
1829 2929 1984 2961 meliores
2009 2928 2053 2958 24

173 2986 366 3019 examinato
385 2984 484 3018 Max.
500 2984 646 3025 Bonnet,
671 2994 733 3016 om.
753 2983 886 3025 reliqui,
904 2983 963 3015 sed
978 2983 1013 3014 in
1029 2984 1104 3026 fine
1174 2980 1221 3026 et]
1245 2982 1335 3024 quod
1353 2981 1413 3014 11²
1485 2978 1582 3021 nihil]
1609 2989 1718 3021 nuper
1735 2980 1782 3009 11.
1798 2978 1849 3007 29.
1866 2977 1916 3007 37.
1937 2975 1989 3006 38.
2010 2975 2052 3004 64

174 3032 314 3075 explicit
343 3031 649 3064 commoneturium
673 3031 717 3063 38
821 3028 842 3062 2
873 3029 1031 3062 utilitatis
1056 3032 1104 3061 11.
1174 3026 1353 3071 habeatur]
1380 3027 1576 3060 habebatur
1594 3029 1640 3057 11.
1660 3026 1712 3056 29.
1731 3024 1782 3055 37.
1800 3024 1852 3054 38.
1870 3022 1942 3054 43².
1960 3022 2012 3058 64,
2039 3018 2098 3049 ha-

174 3080 230 3111 24.
256 3080 308 3110 27.
335 3079 386 3111 29.
411 3079 463 3111 37.
487 3078 548 3117 43,
585 3076 779 3109 utilitatatis
804 3075 852 3116 N,
894 3076 1025 3108 utilitas
1049 3076 1102 3115 38,
1174 3076 1276 3108 betur
1292 3078 1364 3107 442·
1434 3085 1470 3106 se
1493 3084 1555 3105 om.
1571 3074 1638 3104 248
1731 3067 1752 3101 6
1777 3062 2002 3110 iurgantium]
2021 3075 2099 3115 gur-

174 3124 325 3157 utilitate
347 3126 391 3156 64
475 3123 654 3155 tractantis
678 3126 727 3154 11.
751 3124 803 3154 29.
826 3124 872 3155 38
954 3120 1102 3163 legibus]
1174 3122 1294 3163 gantia
1323 3123 1383 3161 38,
1420 3119 1595 3162 iurgantia
1624 3116 1672 3148 A¹
1700 3115 1853 3156 aliaque,
1885 3124 1955 3144 non
1986 3121 2100 3143 omma

173 3171 249 3203 iure
281 3170 326 3203 N.
350 3174 398 3203 11.
420 3171 472 3202 29.
495 3170 547 3202 37.
574 3170 627 3201 38.
652 3171 695 3201 64
725 3168 814 3201 ΡίεΙι.
840 3167 897 3208 (eae
923 3166 960 3210 2)
988 3167 1101 3200 C'uiac.
1174 3167 1386 3209 exemplaria
1411 3165 1607 3208 Aeqidiana
1709 3163 1878 3204 inpugnat
1909 3161 1963 3191 43.
1987 3160 2031 3189 44

175 3214 298 3258 (1586)
400 3214 422 3248 3
446 3212 640 3257 uidebatur]
670 3215 862 3247 habebatur
887 3218 934 3246 11.
953 3216 995 3246 64
1012 3212 1102 3245 Pilli.
1174 3210 1345 3255 omnibus]
1372 3213 1555 3244 homnibus
1572 3212 1624 3246 64,
1650 3208 1846 3240 hominibus
1867 3206 1923 3245 38,
1950 3203 2100 3236 annibus

175 3261 232 3302 (ex
253 3262 289 3304 2)
309 3261 424 3295 C‘uiac.
445 3260 582 3302 (1586),
618 3261 834 3294 habebantur
856 3260 899 3302 N,
936 3260 1103 3292 habeatur
1175 3261 1220 3291 24
1299 3256 1500 3300 enucleatis]
1528 3257 1563 3290 S.
1580 3258 1630 3288 27.
1646 3257 1698 3287 43.
1714 3257 1756 3285 44
1771 3252 1831 3293 ΑῙ,
1855 3250 2031 3284 enudeatis
2046 3251 2099 3287 24,

176 3310 228 3341 29.
250 3309 302 3341 37.
318 3310 362 3341 38
440 3305 609 3350 iniquum]
635 3318 708 3340 esse
733 3308 889 3349 iniquum
915 3309 958 3338 24
1034 3317 1101 3338 me·
1172 3306 1306 3338 enuatis
1326 3304 1396 3344 64¹,
1416 3303 1619 3345 inoblegatis
1639 3305 1684 3333 11.
1701 3304 1749 3332 29.
1762 3301 1818 3340 38,
1837 3296 2034 3340 inobligatis
2047 3297 2099 3334 37,

174 3354 271 3397 liore]
301 3355 434 3388 meliori
461 3353 496 3387 S.
518 3356 570 3387 27.
588 3356 644 3387 43.
661 3358 706 3387 44
724 3353 791 3395 A¹,
823 3354 965 3388 meliora
989 3354 1033 3384 24
1172 3352 1336 3385 inuolutis
1362 3351 1402 3383 X
