2517 3615
387 210 605 245 EDICTVM
718 204 1064 243 GREGORIANVS

326 291 378 331 15,
393 290 452 324 81:
484 287 665 324 communi
702 287 790 321 Iust.
805 286 835 327 3,
850 286 905 327 37,
922 286 1009 319 1-.5

370 346 573 381 dividundo

327 404 379 444 15,
392 404 451 437 79:
470 402 597 436 finium
614 413 666 437 re·
704 401 792 435 lust.
807 401 838 440 3,
852 399 906 440 39,
924 400 952 432 1.
971 399 991 432 2

370 460 577 506 gundorum

328 519 378 558 17,
393 518 453 551 95:
477 516 507 551 si
526 518 666 551 eertum
703 515 790 550 Iust.
804 514 836 553 4,
850 513 881 553 2,
899 510 1008 546 1-15

371 576 520 619 petetur

327 858 377 898 17,
393 856 451 891 99:
478 856 521 890 de
539 854 666 900 pigne·
702 855 790 889 Iust.
803 854 836 895 4,
851 853 905 896 24,
923 852 1032 888 1-12

369 911 504 947 ratieia
518 911 665 946 actione

327 970 377 1011 18,
389 970 468 1004 104:
478 969 664 1013 quodcum

362 1024 666 1070 eo‚quiinaliena

370 1084 558 1128 potestate
599 1083 665 1124 est,

370 1140 562 1186 negotium
603 1152 667 1186 ge-

370 1199 467 1233 stum
504 1208 581 1233 esse
615 1197 666 1233 di-

372 1258 475 1291 cetur

725 1107 812 1142 Iust.
828 1107 859 1148 4,
874 1106 930 1147 26,
947 1106 1058 1141 1-12

702 1324 790 1359 Iust.
805 1324 836 1366 4,
852 1323 906 1365 32,
922 1324 1033 1358 1-24

1152 122 1195 126 -
1245 101 1331 136 XVI

1207 202 1579 238 THEODOSIANVS
1818 202 2134 238 IVSTINIANVS

1114 285 1157 318 25
1184 283 1227 317 de
1254 281 1437 316 communi
1461 281 1663 316 dividundo
1701 283 1732 324 3,
1747 282 1789 317 37
1816 298 1859 311 =

1114 397 1158 431 26
1184 397 1228 431 de
1253 395 1382 430 finium
1406 395 1653 441 regundorum
1702 397 1733 439 3,
1748 397 1791 432 39
1818 412 1860 426 =

1114 512 1157 547 27
1183 510 1214 546 si
1254 513 1394 546 eertum
1431 511 1583 556 petatur
1620 510 1664 545 de
1701 512 1769 553 4,2
1794 510 1825 546 si
1852 513 1992 547 eertum
2017 512 2171 556 petatur

1184 567 1399 614 ehirografis

1114 626 1157 660 28
1183 625 1227 660 de
1253 624 1434 670 pecuniae
1460 625 1665 668 sequestra·
1700 626 1766 668 4‚4
1784 626 1827 661 de
1842 625 2035 671 prohibita
2048 628 2252 670 sequestra-

1183 682 1283 718 tione
1308 681 1501 727 prohibita
1771 683 1871 718 tione
1896 682 2078 727 pecuniae

1114 740 1157 774 29
1183 739 1214 774 si
1252 741 1393 775 eertum
1434 740 1586 784 petatur
1622 737 1666 772 de
1702 740 1771 781 4,3
1798 740 1842 775 de
1868 738 2045 785 suffragio

1183 796 1368 843 suffiagiis

1115 854 1159 890 30
1186 854 1229 888 de
1256 853 1473 899 pigneribus
1703 856 1734 896 4,
1748 854 1793 888 24
1819 854 1862 889 de
1899 853 2045 889 actione
2080 852 2252 898 pignera-

1771 910 1864 946 tieia

1702 969 1733 1011 4,
1748 969 1792 1004 26
1825 968 1925 1012 quod
1946 979 2034 1003 eum
2059 978 2102 1002 eo
2127 965 2191 1011 qui
2217 966 2255 1001 in

1657 963 1677 1119 ξ
1773 1025 1898 1060 aliena
1915 1027 1971 1060 est
1988 1025 2178 1069 potestate
2195 1035 2255 1058 ne-

1774 1081 1919 1128 gotium
1937 1084 2085 1127 gestum
2102 1092 2180 1116 esse
2204 1079 2255 1115 di-

1775 1141 1879 1174 cetur
1920 1138 1979 1174 vel
2022 1138 2067 1173 de
2107 1136 2254 1183 peculio

1775 1207 1839 1231 seu
1863 1195 1962 1240 quod
1991 1194 2094 1230 iussu
2122 1206 2185 1230 seu
2211 1193 2256 1229 de

1775 1252 1813 1287 in
1838 1264 1915 1289 rem
1941 1263 2045 1288 verso

1705 1322 1738 1364 4,
1753 1321 1797 1356 32
1824 1336 1867 1350 =

1115 1084 1157 1118 31
1185 1083 1285 1127 quod
1308 1082 1409 1117 iussu

1114 1142 1160 1176 32
1185 1140 1229 1176 de
1256 1139 1404 1185 peculio

1116 1323 1160 1359 33
1186 1323 1230 1359 de
1256 1322 1376 1358 usuris

917 1450 1248 1486 THEODOSIANI
1281 1448 1424 1484 LIBER
1456 1446 1664 1483 TERTIVS

329 1530 380 1570 18,
402 1529 482 1564 111:
525 1530 642 1575 empti
705 1531 836 1572 Iust.4,
851 1530 1032 1573 38,1-13

373 1586 513 1622 venditi

706 1873 794 1908 Iust.
807 1874 839 1916 4,
853 1874 907 1915 43,
925 1875 940 1909 1

327 1983 409 2019 XX:
430 1984 473 2019 de
488 1996 526 2020 re
540 1984 668 2020 uxoria
706 1987 794 2022 Iust.
807 1988 839 2030 4,
855 1988 908 2030 58,
926 1988 1013 2023 1—4

706 2158 795 2193 Iust.
815 2159 845 2200 5,
863 2159 891 2199 l,
909 2159 937 2193 1.

775 2215 805 2256 5,
820 2215 851 2256 3,
869 2216 979 2251 1-14

706 2558 793 2593 lust.
808 2558 839 2599 5,
853 2558 884 2599 4,
902 2558 1011 2592 1-17

697 3126 785 3161 Iust.
800 3126 831 3167 5,
845 3126 923 3167 5,1.
943 3127 963 3160 2

684 2902 688 3008 l

685 3015 687 3052 1

685 3056 688 3134 l

686 3153 785 3290 ilust.
802 3240 833 3282 5,
850 3240 902 3282 12,
919 3240 1029 3275 1-27

684 3308 688 3341 Ι

1141 1531 1157 1565 1
1185 1531 1229 1566 de
1271 1528 1523 1565 contrahenda
1569 1539 1666 1572 emp·
1684 1528 1686 1561 Ι
1704 1527 1736 1568 4,
1749 1527 1794 1562 38
1822 1542 1865 1555 =

1186 1587 1289 1622 tione

1138 1644 1159 1678 2
1186 1644 1230 1678 de
1257 1641 1509 1678 commissoria
1535 1640 1668 1677 resein-
1706 1643 1737 1684 8,
1751 1642 1796 1677 34
1832 1641 1876 1677 de
1901 1640 2024 1686 pactis
2061 1640 2259 1687 pignorum

1186 1700 1306 1736 denda
1776 1700 1814 1733 et
1839 1698 1884 1733 de
1909 1697 2159 1733 commissoria
2174 1698 2257 1743 lege

1775 1754 1815 1789 in
1859 1753 2080 1801 pignoribus
2125 1754 2257 1791 rescin-

1775 1812 1896 1847 denda

1139 1872 1160 1906 3
1186 1872 1230 1907 de
1262 1870 1447 1916 patribus,
1481 1869 1544 1914 qui
1574 1868 1669 1904 filios
1705 1870 1737 1911 4,
1752 1870 1797 1904 43
1824 1885 1867 1898 =

1098 1942 1101 1976 Ι
1188 1928 1438 1964 distraxerunt

1141 1986 1164 2020 4
1189 1985 1234 2020 de
1253 1984 1437 2021 aediliciis
1459 1982 1669 2019 actionibus
1706 1985 1738 2025 4,
1755 1983 1798 2018 58
1825 1998 1867 2012 =
2031 2016 2034 2018 μ

1708 2043 1738 2082 5,
1757 2041 1773 2075 1
1797 2041 1839 2075 de
1858 2039 2094 2085 sponsalibus
2111 2043 2149 2076 et
2166 2039 2259 2076 artis

1777 2095 2013 2142 sponsalieiis
2031 2100 2070 2131 et
2083 2108 2257 2142 proxene-

1778 2153 1864 2189 tiois

1708 2212 1776 2255 5,3
1801 2210 1846 2246 de
1878 2209 2140 2245 donationibus
2171 2212 2258 2246 ante

1777 2267 1931 2313 nuptias
1957 2294 1964 2302 .
1985 2293 1993 2302 .
2013 2293 2020 2301 .
2046 2268 2085 2302 et
2109 2278 2258 2312 sponsa-

1778 2324 1875 2359 liciis

1143 2158 1163 2192 5
1190 2156 1234 2192 de
1249 2155 1484 2201 sponsalibus
1499 2156 1536 2190 et
1548 2157 1634 2190 ante

1189 2213 1339 2249 nubtias
1372 2212 1636 2249 donationibus

1142 2386 1163 2420 6
1189 2385 1219 2420 si
1239 2384 1454 2431 provinciae
1471 2386 1593 2420 rector
1611 2385 1670 2420 vel

1188 2443 1236 2478 ad
1295 2454 1380 2478 eum
1439 2441 1670 2486 pertinentes

1188 2499 1378 2545 sponsalia
1403 2498 1573 2535 dederint

1142 2558 1161 2591 7
1188 2558 1232 2593 de
1258 2556 1400 2592 nubtiis

1141 2615 1162 2649 8
1189 2615 1232 2649 de
1258 2613 1428 2649 secundis
1453 2612 1596 2648 nubtiis

1141 2672 1162 2705 9
1187 2671 1217 2705 si
1281 2671 1441 2705 secundo
1502 2669 1671 2705 nubserit
1707 2689 1720 2701 ι

1187 2727 1337 2769 mulier,
1397 2726 1456 2762 cui
1514 2726 1671 2762 maritus

1186 2784 1455 2819 usxunfruotum
1476 2783 1671 2828 reliquerit

1120 2842 1161 2877 10
1186 2841 1216 2875 si
1241 2840 1394 2876 nubtiae
1423 2852 1466 2875 ex
1488 2840 1670 2886 rescripto

1186 2899 1363 2943 petantur

1118 2956 1157 2990 11
1185 2955 1215 2989 si
1230 2966 1462 2999 quacumque
1476 2954 1669 3000 praeditus

1183 3012 1373 3057 potestate
1393 3011 1545 3047 nubtias
1559 3013 1667 3057 petat

1183 3067 1326 3103 invitae

1117 3126 1158 3160 12
1184 3126 1228 3161 de
1253 3124 1404 3160 incestis
1428 3124 1571 3160 nubtiis
1706 3123 1771 3165 5,5
1798 3123 1842 3158 de
1867 3122 2019 3159 incestis
2048 3124 2086 3158 et
2115 3121 2255 3157 inutili-

1774 3180 1843 3215 bus
1867 3179 2011 3225 nuptiis

1114 3241 1156 3275 13
1182 3240 1226 3275 de
1252 3239 1401 3275 dotibus
1707 3237 1798 3279 5,12
1825 3237 1869 3272 de
1893 3236 1972 3273 iure
1997 3236 2140 3272 dotium

1114 3297 1155 3331 14
1180 3297 1224 3331 de
1249 3295 1391 3332 nubtiis
1415 3293 1616 3341 gentilium
