2501 3615
944 161 989 167 —
1039 139 1178 177 CCCIX
1227 160 1269 166 —

147 255 234 289 sunt
277 249 377 284 bello
414 260 496 284 cum
530 259 615 293 rege
649 245 872 282 Francorum
903 246 1161 282 Chlodovecho
1200 244 1397 281 infeliciter
1432 246 1549 290 gesto.
1605 242 1802 289 Regiones,
1841 255 1934 288 quae
1973 242 2070 279 iuter

150 309 313 355 Ligerim
338 311 376 343 et
401 307 625 342 Garumnam
652 304 933 348 Cebenuanique
958 307 1120 339 montem
1147 304 1304 343 fuerunt,
1331 302 1479 348 regibus
1506 302 1726 337 Francorum
1752 304 1937 337 cesserunt
1962 301 2068 335 alias-

147 380 228 413 que,
259 378 354 411 quae
379 365 473 400 citra
491 364 699 408 Pyrenaeos
722 362 817 397 sitae
843 364 958 399 erant.
986 361 1234 397 Theodericus
1260 373 1321 396 rex
1340 361 1648 406 ostrogothorum
1673 360 1832 405 subegit,
1859 359 1962 394 cuius
1986 360 2069 403 post

149 427 307 460 mortem
332 423 432 458 solae
457 425 594 467 partes
621 431 715 465 quae
742 423 845 456 trans
867 419 1085 455 Rhodanum
1111 419 1205 454 sitne.
1231 422 1346 460 crant,
1372 419 1418 454 ad
1444 417 1601 463 priorem
1628 417 1814 452 domiuum
1839 417 2068 459 redieruntst)

267 492 345 533 Quo
371 492 408 526 in
434 502 546 537 regno
565 489 800 536 Visigothico
828 490 884 524 lex
913 489 1077 523 Romana
1108 488 1182 523 fere
1214 490 1360 523 centum
1393 490 1430 522 et
1462 487 1737 533 quinquaginta
1767 498 1882 522 annos
1909 487 2069 521 valebat.

157 550 325 586 Alaricus
350 549 387 583 in
405 547 684 584 commonitorio
710 559 791 582 cum
819 546 895 581 alia
920 548 998 581 tum
1024 546 1092 580 hoc
1120 545 1246 586 edixit,
1274 549 1312 580 ut
1332 545 1489 580 Romani
1514 546 1583 580 hac
1602 547 1748 580 tantum
1773 545 1855 590 lege
1880 546 2072 579 uterentur

153 607 370 651 nullamque
389 606 510 652 legem
529 604 664 640 iurisve
683 604 877 640 formulam
905 603 942 637 in
968 602 1056 638 foris
1082 602 1157 637 suis
1181 602 1343 638 sinerent
1369 603 1525 648 allegari
1551 603 1586 637 in
1614 614 1748 648 corpus
1772 601 1865 636 illud
1889 613 1959 636 nou
1981 602 2071 636 rela-

147 669 239 701 tam.
284 664 352 700 Cui
378 664 575 699 obsecutus
601 662 777 698 Theudis,
803 661 900 706 quod
926 660 1086 706 exempli
1114 672 1225 695 causa
1250 660 1342 701 dico,
1369 660 1671 696 constitutionem
1699 660 1742 696 (le
1767 658 1944 704 impensis
1969 659 2071 693 emit-

152 726 252 765 tens,
287 733 384 767 quae
417 721 530 757 etiam
557 720 741 755 Romanos
774 718 878 765 regni
908 718 964 753 sui
991 720 1150 758 teneret,
1187 717 1377 752 Breviario
1403 718 1475 760 (Β1·.
1495 717 1561 751 Th.
1582 717 1642 758 IV,
1664 719 1717 761 16)
1749 716 1946 761 inseruit.²)
2001 717 2071 751 Sed

149 779 289 815 Alarici
307 782 548 825 praeceptum
568 779 721 824 propter
739 775 1017 821 compilationis
1036 774 1131 809 vitia
1157 774 1437 819 exilitatemque
1463 787 1534 809 non
1559 775 1706 809 omniuo
1731 775 1917 810 observari
1938 775 2071 820 potuit,

148 837 277 882 itaque
310 837 489 873 nonnulla
522 835 612 871 iuris
639 833 795 870 Romani
827 833 1037 879 strigmenta
1062 835 1210 878 praeter
1234 832 1465 868 Breviarium
1498 832 1533 866 in
1559 845 1625 867 usu
1652 835 1863 869 manserunt
1875 834 1902 876 ³)
1928 835 1965 868 et
1990 844 2071 867 mox

149 895 189 931 in
215 894 405 931 codicibus
431 894 507 940 legi
533 893 720 929 Romanae
738 891 1020 937 Visigothorum
1046 890 1207 925 adscribi
1235 892 1369 936 coepta
1394 893 1488 926 sunt.

268 975 360 1011 Cum
393 973 486 1010 mihi
524 972 779 1019 proposuerim
816 984 921 1007 usum
960 970 1143 1006 Breviarii
1180 971 1359 1006 forensem
1396 973 1434 1006 et
1471 970 1571 1015 apud
1608 970 1804 1016 scriptores
1840 971 1945 1017 regni
1980 970 2072 1005 Visi-

151 1033 351 1081 gothorum
367 1043 560 1078 exponere,
586 1031 705 1077 primo
724 1030 805 1065 loco
824 1029 946 1065 dicam
971 1029 1148 1064 formulas
1166 1027 1436 1074 Wisigothicas
1460 1028 1580 1063 varios
1597 1028 1777 1064 Breviarii
1795 1029 1894 1063 locos
1912 1041 2075 1073 assump-

150 1091 253 1127 sisse.
304 1090 406 1132 Quae
441 1088 614 1125 collectio
647 1091 797 1124 auctore
830 1087 1002 1123 Zeumero
1034 1086 1134 1122 intra
1165 1098 1280 1122 annos
1304 1088 1371 1122 615
1396 1088 1434 1121 et
1459 1087 1525 1121 620
1557 1086 1761 1132 compilata
1791 1089 1856 1123 est.
1905 1086 1975 1122 Sed
2004 1087 2074 1121 hae

149 1148 330 1185 formulae
355 1147 463 1183 nobis
494 1146 605 1182 hodie
635 1145 790 1182 relictae
816 1144 902 1180 aliis
929 1143 1202 1189 antiquioribus
1228 1143 1394 1179 formulis
1420 1143 1559 1179 ibidem
1586 1143 1735 1179 usitatis
1760 1144 1946 1185 nituntur,
1980 1156 2074 1189 quae

150 1218 259 1243 cursu
285 1209 493 1251 temporum
526 1204 614 1240 iuris
648 1216 715 1239 usu
749 1203 972 1249 procedente
1004 1202 1206 1247 paullatim
1237 1201 1293 1237 ita
1325 1203 1493 1236 mutatae
1524 1203 1626 1243 sunt,
1660 1204 1702 1236 ut
1735 1202 1831 1237 aliae
1863 1203 1909 1237 ad
1942 1214 2074 1237 novum

151 1264 242 1300 iuris
259 1262 418 1299 Romani
442 1274 558 1303 usum,
585 1260 682 1297 aliae
711 1261 759 1296 ad
784 1260 979 1305 antiquum
992 1259 1272 1306 Visigothorum
1295 1258 1352 1294 ius
1372 1259 1673 1295 accommodatae
1693 1259 1778 1301 sint,
1805 1260 1901 1295 aliae
1920 1260 2076 1305 denique

149 1323 207 1358 ius
231 1320 491 1358 Germanicum
515 1322 554 1356 et
578 1319 788 1355 Romanum
814 1317 971 1354 mixtum
997 1320 1035 1354 et
1059 1317 1098 1353 in
1123 1330 1235 1353 unum
1261 1318 1335 1354 fere
1361 1317 1539 1353 coalitum
1565 1318 1812 1363 praebeant.⁴)

197 1415 315 1452 Form.
340 1415 382 1450 13
406 1414 470 1450 cfir.
496 1414 555 1449 Β1·.
574 1413 678 1449 Paul.
698 1413 743 1454 II,
766 1413 817 1454 18,
838 1413 880 1447 10
904 1412 971 1447 int.

339 1473 383 1508 14
406 1471 621 1518 sponsalitia
644 1471 811 1517 Zaryitate
836 1470 970 1505 donare
994 1469 1056 1505 cfr.
1075 1469 1133 1503 Β1·.
1152 1468 1220 1503 Th.
1240 1468 1303 1509 III,
1321 1469 1352 1509 5,
1371 1468 1391 1502 2
1417 1467 1484 1502 int.

339 1530 384 1566 24
407 1529 557 1566 rubrica
582 1529 626 1565 cf.
652 1529 711 1564 Β1·.
730 1528 825 1564 Nov.
839 1528 923 1563 Val.
940 1527 1003 1569 IV,
1022 1528 1041 1562 1
1067 1526 1135 1562 int.

342 1588 388 1623 32
411 1588 597 1624 sanctione
620 1588 733 1631 layum
759 1586 822 1621 cfr.
848 1586 906 1621 Β1·.
924 1584 1028 1621 Paul.
1047 1585 1093 1626 ΙΙ,
1113 1585 1167 1626 19,
1187 1585 1217 1619 1.

339 1645 384 1680 32
407 1644 623 1680 meliorandi
647 1665 690 1669 -
710 1647 919 1689 potaetatem
945 1642 1008 1678 cfr.
1034 1642 1101 1688 Ep.
1120 1641 1239 1678 Guelf.
1259 1641 1362 1677 Paul.
1383 1642 1427 1683 ΙΙ,
1448 1642 1498 1683 19,
1519 1643 1547 1676 1.

342 1703 386 1739 35
411 1702 450 1737 in
475 1702 545 1737 fine
571 1702 634 1737 cfr.
660 1702 718 1736 Br.
738 1701 807 1737 Th.
825 1701 887 1742 IV,
908 1702 960 1743 16,
977 1702 995 1734 1
1022 1700 1089 1735 int..
1115 1700 1152 1734 in
1177 1700 1257 1735 fine.

342 1761 385 1796 37
410 1761 532 1805 fruges
557 1759 678 1795 aridas
703 1761 766 1795 cfr.
792 1760 849 1794 Br.
867 1759 936 1794 Th.
956 1759 1002 1800 II,
1020 1759 1074 1802 33,
1097 1759 1111 1792 l
1138 1759 1177 1793 et
1201 1757 1267 1793 int.

271 1876 397 1912 Etiam
431 1875 625 1912 ecclesiam
658 1875 696 1910 in
727 1874 899 1920 partibus
931 1873 1135 1920 Hispaniae
1164 1872 1356 1908 Breviario
1387 1875 1510 1908 nostro
1544 1885 1645 1908 usam
1682 1885 1759 1908 esse
1786 1873 1964 1917 quaedam
1999 1885 2079 1907 cou-

157 1935 329 1971 ciliorum
358 1934 510 1970 decreta
536 1945 651 1978 usque
677 1933 724 1968 ad
750 1935 893 1968 sextum
919 1932 1117 1968 concilium
1142 1932 1364 1967 Toletanum
1392 1932 1438 1973 (a.
1457 1932 1537 1975 638)
1563 1931 1824 1966 demonstrant.
1868 1930 1948 1970 Qua
1974 1930 2016 1965 de
2043 1942 2079 1964 re

152 1992 228 2028 iam
261 1991 460 2038 Savignius
487 1993 529 2027 ‘et
562 1990 764 2026 Haenelius
799 1993 836 2025 et
869 1989 1078 2035 nuperrime
1111 1989 1291 2025 Conratus
1303 1990 1328 2033 ὅ)
1363 1988 1621 2024 disseruerunt.
1671 1988 1741 2022 Sed
1772 1991 1894 2023 utrum
1928 1987 1964 2021 iu
2001 1999 2081 2021 cou-

155 2050 310 2086 ficiendo
340 2049 465 2095 capite
483 2050 527 2084 13
552 2048 726 2084 Toletani
751 2048 838 2084 noni
857 2050 903 2092 (a.
922 2049 1003 2091 655)
1027 2050 1153 2094 patres
1178 2048 1298 2093 legem
1315 2046 1596 2092 Visigothorum
1615 2047 1677 2085 ΙΙΙ,
1695 2047 1716 2080 2
1741 2057 1787 2080 an
1813 2046 1931 2089 legem
1952 2044 2080 2079 Roma-

153 2121 243 2144 nam
267 2107 387 2144 secuti
414 2107 501 2150 sint,
527 2106 639 2143 aliter
663 2118 706 2141 ac
732 2106 934 2142 Haenelius
959 2105 1141 2141 Conrat-us
1151 2107 1178 2149 ὅ)
1204 2104 1242 2139 111
1267 2104 1388 2140 medio
1413 2104 1602 2148 relinquit.

269 2205 525 2242 Concilium
550 2205 865 2251 Hispalense⁷)
894 2206 927 2240 ΙΙ
952 2205 997 2249 (a.
1016 2205 1095 2249 619)
1121 2204 1240 2239 Mansi
1265 2204 1308 2245 X,
1327 2205 1393 2240 555
1407 2216 1460 2248 sq.

204 2287 236 2312 0.
255 2278 274 2312 1
323 2276 380 2311 his
402 2286 490 2320 quos
514 2275 704 2310 barbarica
727 2276 853 2321 feritas
878 2277 946 2311 etc.
974 2274 1037 2309 cfr.
1063 2273 1123 2309 Β1·.
1142 2274 1208 2309 Th.
1228 2274 1270 2316 V,
1289 2277 1320 2315 5,
1341 2274 1362 2308 2
1387 2273 1425 2307 111
1451 2286 1503 2319 pr.

204 2345 234 2370 0.
254 2335 277 2370 2
325 2337 357 2368 et
380 2337 498 2368 tamen
522 2334 616 2378 longi
641 2334 807 2378 temam-is
832 2335 901 2368 etc.
928 2333 990 2368 cfr.
1018 2333 1074 2367 ΒΥ.
1093 2333 1162 2368 Τ11.
1182 2332 1243 2374 IV,
1264 2332 1306 2366 12
1331 2335 1369 2368 et
1394 2332 1452 2366 Β1·.
1470 2331 1565 2367 Nov.
1580 2331 1662 2366 Val.
1680 2330 1779 2371 VIII,
1801 2333 1829 2365 1.

207 2403 236 2427 0.
255 2391 276 2426 3
323 2391 364 2426 de
388 2391 518 2426 colonis
543 2393 616 2427 etc.
643 2391 705 2426 cfr.
731 2391 790 2426 Br.
810 2391 877 2425 Th.
896 2391 940 2434 V,
960 2392 1012 2434 10,
1032 2393 1050 2425 1
1070 2391 1128 2435 (Ρ).

204 2461 236 2485 c.
255 2449 277 2484 8
324 2449 462 2494 ingrati
486 2449 578 2484 aetio
602 2452 672 2485 etc.
700 2449 761 2485 cfr.
790 2449 847 2484 Β1·.
867 2449 934 2484 Th.
955 2449 1015 2490 lV,
1035 2450 1088 2490 10,
1107 2449 1128 2482 2
1154 2447 1212 2484 vel
1238 2448 1296 2483 Β1·.
1313 2448 1408 2483 Νον.
1423 2447 1506 2482 Val.
1524 2447 1585 2488 VI,
1606 2447 1662 2489 1⁸)
1690 2446 1749 2488 (ἵν’).

272 2547 535 2584 Concilium
560 2547 874 2592 Toletanum⁹)
901 2547 951 2581 IV
977 2549 1024 2590 (a.
1042 2547 1123 2591 633)
1148 2545 1269 2581 Mansi
1295 2546 1338 2588 X,
1356 2546 1420 2580 611
1437 2557 1489 2589 sq.

203 2629 234 2654 c.
254 2619 300 2654 34
347 2617 558 2662 quicumque
582 2617 765 2662 episcopus
790 2620 859 2653 etc.
887 2617 950 2652 cfr.
976 2617 1035 2652 ΒΥ.
1053 2616 1120 2651 Th.
1139 2616 1200 2658 IV,
1219 2616 1262 2650 12
1287 2618 1326 2650 et
1349 2615 1409 2649 ΒΥ.
1428 2614 1522 2649 Νον.
1536 2613 1618 2648 Val.
1638 2612 1736 2653 VIII,
1757 2614 1785 2646 1.

205 2688 236 2712 0.
260 2677 305 2712 35
351 2676 445 2711 sicut
469 2675 642 2711 dioecesin
665 2676 818 2710 alienam
842 2677 912 2711 etc.
939 2675 1002 2710 cfr.
1029 2675 1086 2709 Β1·.
1105 2674 1174 2709 Th.
1193 2673 1255 2715 IV,
1278 2674 1317 2707 12
1343 2675 1381 2708 et
1405 2672 1463 2706 Br.
1483 2672 1575 2706 Nov.
1590 2670 1672 2705 Val.
1691 2669 1789 2710 VIII,
1811 2671 1838 2702 1.

279 2806 306 2849 ¹)
332 2807 393 2840 cfr.
411 2805 571 2850 Binding‚
597 2806 801 2839 Geschichte
825 2806 884 2838 des
909 2802 1409 2847 burgundisch-romanischen
1434 2800 1681 2842 Kssnigreiches
1705 2797 1772 2830 212
1785 2810 1850 2840 sq.;
1884 2798 1994 2835 Dalm,
2023 2797 2084 2828 Die

159 2854 297 2897 Konige
325 2853 385 2886 der
409 2854 604 2886 Germanen
628 2853 669 2891 V,
688 2851 753 2885 111
768 2862 818 2894 sq.
845 2853 902 2891 Vl,
920 2850 986 2884 247
1002 2862 1070 2894 sq.;
1096 2852 1239 2884 Zeumer
1263 2849 1335 2881 NA.
1362 2848 1489 2888 XXIII,
1506 2846 1573 2879 472
1588 2858 1654 2888 30.;
1680 2846 1816 2885 Kiener,
1843 2845 2083 2885 Vei-sassungs-

159 2899 360 2943 geschichte
384 2899 443 2932 der
467 2900 641 2932 Provence
665 2897 687 2931 5
701 2909 750 2941 sq.

277 2956 312 2999 ²).
331 2959 475 2990 Zeumer
498 2957 572 2989 NA.
597 2956 726 2995 xxm,
746 2953 787 2987 77
802 2966 851 2997 sq.
878 2953 945 2987 475
971 2959 1005 2987 et
1028 2954 1075 2986 M.
1094 2955 1134 2986 G.
1152 2954 1283 2995 Legum
1309 2951 1412 2984 sectio
1438 2950 1547 2994 prima
1572 2946 1668 2992 [Lm
1696 2949 1720 2988 I,
1739 2947 1803 2979 467
1819 2959 1866 2989 sq.

275 3015 302 3058 ¹)
327 3015 462 3049 Haenel
486 3014 587 3047 LRV.
612 3013 746 3056 Proleg.
763 3013 845 3052 XX;
871 3012 999 3044 Conrat
1023 3012 1049 3052 Ι,
1066 3008 1111 3043 83
1124 3021 1191 3052 30.;
1217 3008 1357 3042 Halban
1383 3010 1408 3046 I,
1429 3006 1493 3040 186
1506 3018 1554 3049 30.

273 3073 302 3115 ⁴)
329 3073 472 3106 Zeumer
495 3073 608 3105 Form.
625 3069 703 3104 574.

276 3131 303 3172 ⁵)
329 3129 427 3164 83.νέ
450 3131 494 3169 Π,
511 3127 589 3161 277.
613 3126 698 3169 484;
723 3126 856 3161 Haenel
881 3126 982 3159 LRV.
1007 3124 1091 3166 4653
1117 3125 1242 3157 Conrat
1266 3124 1294 3164 Ι,
1312 3120 1354 3154 13
1368 3133 1416 3164 30.

276 3188 303 3230 ‘)
327 3189 455 3221 Conrat
477 3188 503 3227 Ι,
522 3185 598 3220 13¹.

275 3246 304 3287 ⁷)
329 3245 426 3279 Sav.²
450 3246 493 3284 Π,
511 3242 578 3277 277
593 3255 658 3286 30.;
683 3243 786 3276 Dahn
812 3243 835 3276 l.
853 3253 882 3276 0.
900 3242 957 3281 VI,
974 3239 1056 3281 442;
1084 3241 1212 3273 Conrat
1236 3239 1262 3277 Ι,
1281 3235 1357 3270 14¹.
1384 3235 1438 3270 32.

277 3302 304 3345 ⁸)
328 3303 457 3336 Conrat
479 3303 506 3342 I,
525 3299 600 3334 13¹.

278 3361 306 3405 ’)
331 3361 458 3394 Conrat
481 3361 508 3399 Ι,
528 3357 609 3400 13¹3
635 3359 778 3391 Zeumer
802 3357 874 3390 NA.
900 3356 1041 3395 XXVII,
1059 3353 1138 3387 423.

2122 971 2158 1004 F
2155 971 2308 1004 ormulae

2115 1018 2347 1060 Visifsotlcicae.

2155 1882 2307 1914 (foncilia

2129 1929 2331 1971 Hispaniae.
