2485 3615
1083 777 1279 820 CAPVT
1313 778 1599 826 QVINTVM.

874 899 1401 952 ADDITAMENTA
1444 900 1802 953 BREVIARII

667 1003 949 1056 SVMPTA
992 1004 1088 1057 EX
1132 1003 1642 1059 THEODOSIANO
1687 1004 2015 1057 INTEGRO.

486 1134 658 1170 Alaricus
683 1147 745 1170 rex
771 1135 997 1171 breviarium
1015 1135 1188 1171 emittens
1207 1135 1392 1171 iudicibus
1417 1137 1522 1183 regni
1540 1136 1822 1183 Visigothorum
1840 1136 2093 1183 praescripsit,
2120 1149 2165 1172 ne
2190 1137 2307 1173 ullam

371 1191 491 1236 legem
518 1191 654 1228 iurisve
680 1193 878 1227 formulam
902 1192 941 1227 in
965 1192 1055 1228 foris
1081 1192 1156 1227 suis
1182 1193 1345 1229 sinerent
1370 1193 1528 1240 allegari
1553 1193 1591 1229 in
1618 1206 1749 1240 corpus
1775 1194 1869 1230 illud
1894 1207 1967 1231 non
1991 1196 2161 1231 relatam.
2210 1194 2306 1230 Huic
2348 1195 2351 1198 '

371 1248 468 1284 iusso
486 1250 585 1294 quod
610 1249 693 1295 ipsa
718 1250 983 1295 interpretatio
1007 1248 1219 1298 refragatur
1234 1251 1429 1288 remittens
1451 1251 1509 1287 bis
1532 1253 1578 1296 (3,
1596 1253 1648 1295 13,
1663 1253 1684 1287 2
1702 1272 1740 1277 —
1763 1253 1794 1295 3,
1812 1254 1864 1294 16,
1878 1253 1912 1298 2)
1934 1253 1982 1289 ad
1999 1253 2109 1289 Pauli
2130 1265 2308 1299 responsa

370 1305 408 1341 in
434 1307 660 1343 breviarium
686 1320 757 1343 non
782 1311 946 1354 recepta,
973 1321 1086 1354 supra
1111 1321 1146 1354 p.
1166 1310 1305 1344 XXXV
1322 1310 1536 1345 rettulimus
1563 1310 1610 1345 ad
1629 1309 1883 1347 condicionem
1899 1310 2083 1347 Breviarii
2109 1311 2157 1346 ab
2183 1313 2307 1347 auoto-

370 1364 472 1400 ribus
502 1377 574 1400 non
608 1366 821 1401 absolutam
852 1368 890 1402 et
915 1366 1220 1412 intempestivam
1252 1367 1331 1404 eius
1356 1368 1663 1414 publicationem.
1713 1369 1802 1404 Post
1825 1368 2016 1404 Alaricum
2048 1369 2142 1405 haec
2172 1370 2233 1406 lex
2265 1371 2308 1404 ut

371 1424 544 1468 putanda
569 1425 626 1459 est
651 1424 856 1460 obtinuisse
882 1424 920 1459 in
946 1425 1129 1470 Hispania
1155 1428 1193 1462 et
1217 1426 1255 1461 in
1281 1426 1523 1472 Septimania⁷
1550 1425 1605 1462 ita
1632 1426 1669 1461 in
1694 1426 1839 1471 reliqua
1857 1427 1983 1463 Gallia
2007 1438 2080 1462 non
2104 1429 2183 1463 tam
2208 1426 2307 1463 vide-

371 1484 431 1516 tur
456 1481 660 1517 exolevisse
686 1494 799 1526 quam
830 1495 1032 1527 numquam
1062 1485 1216 1528 recepta
1248 1496 1342 1526 esse,
1376 1484 1552 1529 quoniam
1579 1484 1725 1520 Galliae
1743 1483 2017 1530 VVisigothicae
2048 1485 2159 1530 longe
2189 1483 2308 1520 maior

370 1550 456 1583 pars
489 1538 618 1583 paucis
649 1539 755 1574 annis
789 1542 875 1584 post
905 1540 1131 1576 breviarium
1156 1541 1394 1586 publicatum
1420 1542 1644 1577 Francorum
1668 1541 1819 1588 regibus
1850 1541 1980 1583 cessit,
2015 1542 2062 1577 ad
2087 1542 2307 1578 Francicam

370 1598 497 1631 autem
522 1596 685 1632 Galliam
711 1597 928 1634 interdictio
954 1598 1023 1634 illa
1049 1599 1265 1635 Alarici-ana
1290 1611 1362 1635 non
1388 1599 1580 1645 pertinuit.
1624 1599 1782 1635 Omnino
1806 1599 1998 1636 Breviario
2027 1600 2127 1635 Galli
2152 1600 2306 1636 uteban-

371 1656 430 1688 tur
464 1666 535 1689 non
567 1658 720 1700 propter
751 1655 890 1690 iussum
920 1656 1063 1691 Alarici
1075 1658 1116 1701 ¹),
1150 1658 1213 1692 scd
1245 1670 1311 1703 pro
1346 1658 1429 1704 lege
1463 1658 1646 1699 Romana,
1680 1657 1903 1693 adhibentes
1935 1669 2010 1693 una
2042 1669 2126 1693 cum
2156 1670 2308 1704 corpore

370 1723 412 1747 eo
445 1711 627 1757 quidquid
658 1725 701 1748 ex
733 1713 811 1749 iure
843 1714 1009 1749 Romano
1035 1716 1231 1760 praeterea
1262 1716 1310 1751 ad
1334 1728 1465 1751 manus
1494 1715 1583 1758 fuit,
1616 1715 1762 1751 scilicet
1787 1727 1830 1751 ea
1856 1727 1951 1760 quae
1978 1728 2060 1751 cum
2085 1727 2128 1752 eo
2155 1728 2307 1762 corpore

372 1769 515 1805 tradita
546 1770 724 1806 habemus
750 1770 905 1816 Ulpiani
935 1772 1084 1817 regulas
1116 1775 1154 1808 et
1184 1773 1306 1819 legem
1336 1773 1641 1819 Burgundionum
1673 1774 1894 1815 Romanam,
1927 1773 2086 1810 maxime
2120 1775 2248 1810 autem
2277 1774 2307 1809 si

370 1838 461 1871 quos
494 1827 608 1863 libros
641 1828 677 1863 in
706 1840 856 1874 corpore
888 1828 954 1863 illo
980 1829 1169 1865 breviatos
1199 1829 1304 1865 nacti
1329 1833 1414 1866 sunt
1440 1829 1623 1876 integros,
1657 1830 1766 1865 Pauli
1797 1830 2018 1873 sententias,
2051 1831 2198 1868 codices
2224 1831 2308 1868 Gre-

371 1883 567 1929 gorianum
603 1887 641 1921 et
676 1886 1015 1933 Hermogenianum
1049 1888 1088 1922 et
1129 1887 1444 1929 Theodosianmn,
1484 1887 1652 1923 novellas
1689 1890 1775 1933 post
1809 1887 2108 1924 Theodosianum
2143 1889 2306 1926 emissas.

371 1942 503 1986 Itaque
530 1943 693 1978 cuiusvis
726 1945 857 1979 horum
882 1943 1061 1979 librorum
1087 1943 1221 1979 editori
1247 1945 1385 1990 duplex
1418 1944 1590 1989 quaestio
1615 1944 1847 1981 instituenda
1872 1948 1943 1988 est,
1975 1946 2096 1982 altera
2120 1947 2165 1983 de
2190 1947 2308 1983 forma

372 2011 496 2035 eorum
514 2000 779 2047 W‘isigotliica‚
807 2003 928 2037 altera
954 2002 999 2037 de
1024 2001 1292 2038 additament-is
1310 2002 1460 2038 Alarico
1486 2002 1765 2048 posterioribus,
1792 2002 1991 2048 potuitque
2017 2015 2142 2040 eorum
2167 2005 2308 2051 tempo-

369 2069 449 2092 rum
485 2057 627 2103 peritus
658 2059 722 2103 qui
754 2058 912 2095 novellis
943 2058 1064 2104 plenis
1097 2060 1276 2095 utebatur
1304 2059 1451 2105 reliqua
1485 2072 1598 2106 opera
1633 2061 1771 2096 habere
1804 2060 1977 2097 breviata
2008 2053 2309 2107 tantummodo.²)

371 2115 449 2149 Iam
476 2114 593 2161 igitur
617 2128 683 2151 nos
708 2116 941 2162 procedimus
973 2117 1021 2152 ad
1046 2117 1290 2160 mutationes,
1322 2129 1414 2162 quas
1444 2117 1561 2153 subiit
1587 2117 1866 2154 Theodosi-anus
1891 2119 1938 2155 ab
1963 2118 2113 2155 Alarico
2143 2119 2182 2155 in
2213 2132 2308 2156 com-

371 2172 548 2217 pendium
572 2174 756 2210 redactus,

486 2265 727 2302 Imminutum
753 2279 830 2303 esse
858 2267 1119 2313 compendium
1145 2268 1401 2304 Alarici-anum
1432 2280 1498 2314 per
1522 2270 1692 2314 tempora
1717 2266 1924 2313 post-eriora
1948 2267 1987 2302 in
2013 2267 2224 2304 universum
2249 2281 2308 2305 ne-

371 2323 534 2368 gandum
567 2326 638 2366 est,
674 2327 715 2360 ut
745 2325 940 2360 mittamus
972 2326 1042 2361 hoc
1068 2327 1150 2362 loco
1181 2326 1409 2372 exemplaria
1440 2327 1637 2362 decurtata
1671 2325 1835 2369 itemque
1868 2324 2068 2370 epitomas,
2103 2326 2147 2362 de
2172 2325 2308 2370 quibus

371 2383 502 2424 postea
528 2380 682 2417 dicetur.
724 2382 990 2428 Except-ionem
1018 2384 1111 2419 facit
1136 2397 1210 2419 una
1229 2384 1449 2420 constitutio
1467 2385 1500 2426 4,
1514 2385 1546 2426 4,
1562 2385 1581 2418 7
1605 2383 1644 2418 in
1669 2383 1774 2418 libris
1800 2383 1912 2428 longe
1938 2383 2136 2428 plerisque,
2162 2383 2309 2420 scilicet

372 2437 411 2471 in
437 2438 566 2473 classis
591 2443 738 2475 nostrae
765 2440 898 2485 prioris
916 2440 986 2476 ΝΟ
1012 2444 1050 2477 et
1074 2441 1113 2477 in
1139 2442 1308 2478 omnibus
1334 2441 1560 2488 posterioriS‚
1587 2440 1716 2476 finiens
1741 2440 1779 2475 in
1805 2439 1929 2476 verbis
1954 2441 2053 2476 lucra
2078 2452 2151 2476 mm
2174 2452 2307 2486 capere,

371 2498 570 2540 propterea
588 2497 686 2541 quod
709 2496 972 2543 interpretatio
998 2499 1121 2534 addit:
1149 2504 1308 2535 extrema
1326 2511 1419 2544 pars
1445 2500 1527 2544 Zeyis
1551 2499 1625 2534 ideo
1649 2510 1723 2533 non
1745 2498 1892 2533 habetur
1915 2498 2051 2542 scripta
2074 2499 2129 2534 vel
2150 2499 2310 2543 exposita

371 2552 439 2595 (sic
459 2554 591 2598 HNB,
627 2556 755 2600 scripta
782 2558 830 2591 vel
853 2569 921 2592 om.
948 2557 1114 2602 reliqui),
1149 2559 1235 2602 quia
1259 2559 1393 2593 novella
1420 2559 1489 2603 lege
1514 2558 1689 2601 calcatum
1722 2558 1962 2592 servaverunt
1987 2555 2106 2592 recisa
2131 2568 2175 2592 ex
2199 2555 2308 2592 libris

373 2611 482 2647 hodie
508 2612 607 2648 notis
632 2613 701 2648 soli
721 2614 848 2650 ΗΒΕ.

487 2716 837 2754 Additamentorum
862 2720 908 2754 ad
927 2719 1227 2755 Theodosiannm
1253 2720 1325 2755 duo
1349 2732 1486 2765 genera
1511 2722 1606 2761 sunt⁷
1634 2719 1710 2755 alia
1735 2720 1784 2754 ad
1808 2720 1917 2755 finem
1942 2717 2119 2755 breviarii
2144 2729 2308 2754 seorsum

371 2772 580 2818 adscripta,
612 2773 688 2810 alia
716 2775 788 2821 ipsi
819 2776 1004 2813 breviario
1036 2776 1186 2813 inserta.
1236 2777 1443 2822 Utrumque
1475 2790 1591 2824 genus
1622 2789 1847 2822 quamquam
1873 2776 1988 2813 etiam
2014 2776 2062 2811 ad
2090 2776 2305 2812 decurtatos

374 2830 518 2866 codices
549 2832 728 2876 quosdam
758 2835 796 2868 et
828 2833 974 2879 aliquas
1000 2834 1185 2880 epitomas
1216 2834 1406 2881 pervenit,
1441 2838 1528 2871 ante
1561 2847 1685 2871 eorum
1716 2846 1907 2870 recensum
1938 2832 2086 2878 placuit
2115 2845 2308 2879 exponere.

372 2888 429 2922 Ad
463 2888 632 2924 codicum
666 2892 880 2936 parentelas
915 2893 1216 2929 determinandas
1250 2895 1422 2929 neutrum
1455 2906 1571 2940 genus
1606 2894 1767 2929 multum
1801 2893 1943 2928 confert
1976 2894 2176 2937 propterea
2209 2892 2308 2936 quod

374 2946 642 2984 contaminatio
668 2950 935 2995 exemplarium
960 2951 998 2986 in
1024 2951 1208 2988 breviario
1235 2954 1273 2988 et
1298 2954 1441 2988 mature
1469 2952 1594 2998 coepit
1622 2955 1660 2988 et
1687 2952 1763 2987 late
1789 2950 1927 2997 patuit.

489 3101 514 3144 1)
542 3103 654 3135 Nihilo
680 3103 793 3135 minus
817 3103 978 3135 credibile
1002 3107 1053 3135 est
1076 3103 1236 3146 temporis
1262 3103 1454 3146 posterioris
1484 3103 1608 3146 peritos
1639 3113 1758 3145 parum
1784 3101 1946 3135 sollicitos
1977 3101 2018 3134 de
2043 3101 2140 3144 regni
2177 3100 2312 3134 Alarici

372 3147 498 3179 finibus
522 3149 759 3181 auctoritatem
783 3149 857 3182 eius
881 3149 924 3181 ad
949 3149 1082 3182 Gallica
1105 3150 1290 3182 tribunaIIa
1313 3150 1427 3182 omnia
1451 3149 1637 3189 rettulisse;
1669 3159 1737 3191 quo
1767 3148 1862 3181 ducit
1892 3158 1970 3180 cum
2003 3148 2192 3180 auotoritas
2234 3147 2308 3180 eius

373 3201 494 3235 recept·
496 3205 507 3225 ι
524 3195 557 3226 iu
576 3196 783 3237 exemplaria
799 3196 970 3238 permulta
987 3196 1088 3228 etiam
1103 3195 1279 3228 decurzttta
1295 3201 1329 3229 et
1345 3196 1528 3238 epitomata
1541 3193 1586 3237 (p.
1597 3192 1745 3236 XXXII)
1759 3200 1830 3227 tum
1843 3205 1931 3237 quae
1948 3203 2052 3236 supra
2064 3191 2110 3236 (p.
2123 3192 2303 3235 XXXVII)

374 3240 629 3273 obseivavimus
653 3242 694 3274 de
718 3242 922 3274 auctoritate
947 3253 986 3274 ea
1010 3241 1133 3274 iterata
1157 3253 1176 3274 a
1200 3242 1326 3275 Karolo
1352 3253 1488 3283 magno.

493 3298 520 3341 2)
547 3299 702 3332 Notabile
727 3305 778 3332 est
803 3301 893 3342 quod
922 3299 956 3331 in
982 3299 1094 3341 capite
1119 3304 1213 3332 sexto
1239 3300 1448 3333 ostendimus
1473 3298 1741 3332 Consultationis
1768 3302 1942 3331 auctorem
1967 3297 2166 3330 adhibuisse
2198 3297 2307 3330 Theo-

378 3345 509 3378 dosiani
534 3346 780 3379 breviationem
804 3345 1038 3379 Alarieianam
1063 3355 1134 3378 una
1159 3356 1238 3378 cum
1262 3346 1474 3389 Gregoriano
1499 3349 1531 3378 et
1557 3344 1831 3388 Hermogeniano
1856 3343 2008 3386 integris.
