2501 3615
913 179 956 185 —
1006 158 1202 196 CCXLVII
1253 180 1294 186 —

68 265 133 302 367
371 262 424 297 III
449 262 484 297 k.
502 262 582 297 Iun.
752 263 1024 309 Marcianopoli
1238 263 1488 345 Aleffiandrino
1515 274 1606 299 com.
1625 276 1651 299 r.
1670 275 1723 309 pr.
1792 265 1842 306 11,
1861 265 1913 307 17,
1931 267 1947 299 1

67 368 134 404 367
375 365 427 399 ΙΙΙ
453 376 534 400 nou.
555 365 629 400 Iun.
752 366 876 400 Remis
1243 310 1430 402 Flirgiitio
1449 370 1526 413 ῇῖο
1542 366 1747 402 Galliarum
1795 368 1847 410 13,
1865 369 1916 410 10,
1931 369 1952 403 5

67 434 133 472 367
379 433 407 467 V
434 433 480 468 id.
502 434 577 468 Iun.
594 433 637 479 [P]
755 435 917 470 Treviris
1239 435 1347 471 Festo
1374 448 1540 482 procons.
1560 436 1707 472 Africae
1791 437 1823 480 9,
1842 438 1893 479 19,
1907 439 1928 471 3

67 505 131 541 367
375 503 468 548 prid.
487 515 568 538 non.
588 503 680 548 Aug.
754 504 951 540 Nemasiae
968 505 1011 550 [2³]
1242 505 1440 586 Drfffopffio
1474 505 1627 551 [vicario
1797 506 1850 548 12,
1867 507 1896 549 7,
1911 506 1931 540 3

67 608 133 644 367
377 606 443 641 XV
469 607 504 641 k.
523 606 625 651 Sept.
756 607 951 642 Ambianis
1247 552 1486 644 I'raeiessiigio
1506 613 1554 654 pu
1574 610 1740 655 [Romae]
1806 610 1831 656 ss
1854 609 1885 650 8,
1902 610 1954 651 14,
1972 610 1988 644 1

68 677 133 713 367
377 674 445 709 VII
471 675 505 709 k.
526 674 604 709 Oct.
755 674 944 710 Dorostori
972 676 1037 717 (rel
1062 676 1119 718 -li)
1239 677 1512 767 ΑΙρῗῖιέὼίηΠο
1531 690 1620 714 com.
1636 691 1663 714 r.
1678 691 1731 724 pr.
1800 679 1827 724 ss
1853 680 2154 724 10,1,11=12,6‚
2169 682 2208 715 14

69 780 134 816 367
377 776 430 810 III
454 778 488 812 k.
508 777 589 812 Oct.
760 805 1009 813 ........
1248 724 1444 816 Aiireliano
1470 782 1585 826 praef.
1611 795 1695 818 ann.
1799 785 1850 827 13,
1865 785 1896 827 6,
1912 786 1933 819 5

69 849 134 884 367
378 847 466 881 VIII
493 846 540 880 id.
560 845 642 880 Oct.
658 845 702 890 [P]
761 845 886 880 Remis
1246 849 1486 885 Praetextato
1505 854 1554 895 pii
1575 852 1742 898 [Romae]
1800 855 1852 896 14,
1867 855 1898 898 4,
1914 855 1934 888 4

69 917 135 954 367
380 916 436 950 III
464 914 511 949 id.
531 914 611 949 Oct.
760 913 922 950 Treviris
1246 917 1420 954 Floriano
1439 931 1528 955 com.
1544 934 1569 955 r.
1584 933 1636 966 pr.
1647 922 1758 968 [Occ.]
1796 923 1884 959 Iust.
1901 925 1930 968 6,
1940 926 2002 966 4,2
2019 926 2210 972 [PLHal.]

69 988 135 1024 367
381 985 470 1020 VIII
496 984 530 1019 k.
550 985 642 1020 Nov.
762 987 1003 1023 Nicomediae
1023 987 1066 1031 [P]
1243 986 1458 1080 Drffi?q·¹{2t‡{]
1477 989 1633 1033 [vicario
1798 994 1851 1035 11,
1870 995 1898 1038 1,
1916 995 1957 1028 16

71 1111 136 1147 367
379 1085 490 1148 XIIII.
508 1085 544 1119 k'
561 1084 647 1119 Dec'
766 1081 841 1116 dat'
863 1080 1026 1115 Trevms
1219 1082 1227 1164 ξ
1248 1110 1490 1146 Praetextato
1508 1115 1557 1156 ffli
1577 1112 1746 1159 [Romae]
1801 1116 1832 1157 6,
1847 1116 1901 1159 35,
1918 1117 1936 1150 7

381 1143 457 1179 1111
480 1142 529 1178 1d.
548 1141 632 1178 Dec.
758 1153 822 1177 acc
827 1166 1009 1175 ......

275 1323 482 1372 ΙΜΡΡΡ.
517 1322 1032 1372 VALENTINIANVS
1077 1322 1325 1371 VALENS
1373 1324 1452 1370 ET
1504 1324 1875 1375 GRATIANVS
1921 1329 2071 1378 AAA.

347 1405 648 1453 368—375.

259 1505 401 1548 Signum
429 1504 447 1552 ΙΟ
476 1506 606 1539 indicat
630 1507 772 1540 deficere
797 1507 832 1539 in
858 1507 1074 1551 praescriptis
1100 1518 1224 1540 nomen
1249 1508 1417 1540 Gratiani.

145 1608 226 1649 368
258 1607 711 1652 VALENTINIANO
750 1609 826 1651 ET
857 1608 1136 1652 VALENTE
1169 1610 1214 1651 II
1244 1610 1381 1666 AA.1)
1415 1609 1652 1665 CONSS.2)

299 1690 325 1733 ¹)
352 1693 518 1726 ualentia.
542 1694 566 1726 ii
591 1699 624 1726 et
648 1694 786 1727 ualente
810 1694 836 1726 ii
860 1704 910 1727 aa.
935 1695 1019 1727 Iust.
1040 1693 1092 1735 11,
1111 1691 1165 1733 62,
1183 1692 1213 1726 4.
1275 1705 1309 1726 u.
1335 1698 1368 1727 et
1392 1705 1426 1727 u.
1452 1704 1502 1726 aa.
1530 1693 1553 1725 ii
1582 1695 1610 1735 1,
1628 1692 1658 1733 6,
1678 1692 1710 1726 5.
1742 1695 1825 1728 Iust.
1854 1695 1882 1736 1,
1901 1694 1956 1738 33,
1977 1697 2004 1729 1.

301 1747 328 1792 ²)
354 1755 430 1793 post
453 1752 670 1784 consulatum
696 1752 856 1795 Lupicini
880 1756 914 1784 et
937 1752 1049 1785 Iovini
1072 1763 1128 1784 vv.
1147 1762 1193 1784 cc.
1214 1752 1281 1783 1111
1306 1763 1385 1784 non.
1402 1752 1485 1784 Dec.
1508 1749 1540 1792 8,
1558 1751 1590 1792 5,
1608 1749 1662 1785 29.
1690 1771 1732 1776 -
1758 1753 1833 1786 Non
1858 1761 2077 1789 recensentur

353 1797 418 1830 sub
442 1797 507 1831 hoc
529 1808 621 1831 anno
645 1799 711 1831 nisi
735 1799 994 1832 constitutiones
1019 1799 1231 1831 iterationem
1257 1798 1380 1831 diserte
1405 1799 1633 1832 enuntiantes.

261 1899 430 1943 Magnum
455 1912 540 1945 opus
570 1901 718 1935 limitum
748 1902 881 1945 imperii
912 1902 956 1935 ad
986 1901 1143 1935 Rhenum
1177 1901 1476 1935 instaurandorum
1506 1901 1768 1936 Valentinianus
1799 1904 1863 1937 hoc
1896 1914 1986 1938 anno
2020 1906 2077 1938 ad-

146 1965 284 1998 gressus
308 1962 360 1990 est
384 1956 603 2001 (Ammianus
625 1958 681 2001 28,
695 1957 728 2002 2,
745 1958 777 2002 1)
808 1960 961 1993 residens
992 1961 1061 1992 fere
1085 1960 1236 1992 Treviris
1268 1960 1414 1993 testibus
1448 1961 1756 2004 subscriptionibus
1781 1974 1921 1996 numero
1948 1964 2077 2006 paucis,

148 2024 234 2056 quas
258 2014 362 2048 huius
386 2017 467 2049 anni
497 2027 571 2050 esse
601 2021 692 2050 certo
723 2022 875 2059 constat,
907 2018 942 2050 in
973 2017 1026 2050 his
1059 2028 1100 2050 ea
1124 2027 1229 2058 quam
1262 2017 1414 2050 servavit
1438 2018 1609 2051 Avellana
1635 2017 1672 2052 7:
1710 2019 1793 2052 data
1812 2020 1907 2062 prid.
1933 2021 1979 2053 id.
1998 2020 2077 2053 Ian.

155 2069 250 2104 Trev.
275 2072 355 2106 ΑΔ.
381 2084 505 2116 conam
530 2075 616 2108 haec
640 2075 731 2108 enim
753 2080 872 2118 utpote
896 2075 973 2108 data
1000 2075 1042 2108 ad
1068 2076 1327 2108 Praetextatum
1352 2087 1420 2108 non
1446 2081 1557 2118 potest
1589 2078 1705 2110 referri
1731 2078 1774 2110 ad
1799 2088 1830 2110 a.
1850 2076 1928 2110 370.
1976 2079 2078 2112 Prae-

148 2133 241 2162 terea
264 2140 343 2162 cum
368 2131 470 2164 etiam
494 2143 524 2164 a.
542 2129 611 2164 370
628 2138 661 2164 et
678 2131 745 2165 373
770 2133 897 2165 ibidem
922 2133 1075 2175 exegerit
1101 2133 1293 2176 imperator,
1319 2134 1486 2176 rescripta
1511 2133 1555 2166 ab
1581 2145 1620 2166 eo
1645 2135 1726 2167 data
1743 2136 1894 2169 Treviris
1911 2136 2078 2178 Augustis

149 2186 365 2230 consulibua,
391 2193 431 2221 ut
455 2199 486 2221 a.
505 2187 573 2222 365
599 2190 832 2223 abiudicanda
856 2196 952 2232 sunt,
987 2191 1036 2223 ita
1060 2190 1262 2233 plerumque
1287 2191 1360 2233 pari
1391 2191 1464 2223 iure
1495 2191 1537 2223 ad
1562 2196 1629 2224 tres
1655 2192 1803 2234 reliquos
1829 2204 1937 2226 annos
1962 2194 2080 2226 referri

149 2253 302 2288 possunt.
330 2263 372 2268 —
398 2245 525 2279 Valens
551 2247 615 2280 hoc
643 2258 733 2280 anno
763 2247 892 2281 bellum
925 2248 1130 2281 continuans
1161 2248 1204 2280 ad
1230 2249 1429 2281 Danuvium
1454 2254 1573 2282 contra
1598 2249 1727 2282 Gothos
1752 2251 1896 2284 hiberna
1927 2263 1956 2283 a.
1975 2250 2079 2294 368l9

150 2302 221 2344 egit
250 2303 495 2346 Marcianopoli
520 2303 738 2346 (Ammianus
763 2303 819 2345 27,
837 2304 868 2346 5,
883 2305 935 2347 5);
961 2306 1125 2348 rescripta
1150 2306 1228 2338 inde
1254 2306 1335 2339 data
1360 2306 1560 2339 consulibus
1585 2308 1752 2350 Augustis
1777 2313 1845 2340 tam
1871 2308 1974 2341 huius
1999 2309 2078 2341 anni

150 2369 224 2392 esse
248 2365 392 2403 possunt
416 2372 519 2404 quam
544 2372 575 2394 a.
594 2360 672 2395 370.

85 2459 151 2496 368
392 2462 441 2498 id.
459 2463 568 2498 Mart.
775 2464 937 2500 Treviris
1256 2465 1428 2501 Floriano
1447 2477 1537 2502 com.
1548 2478 1575 2501 r.
1586 2478 1639 2512 pr.
1654 2466 1764 2512 [Oce]
1809 2467 1824 2513 ⁸0
1844 2467 1930 2502 Iust.
1948 2468 2091 2509 11‚62‚4
2105 2467 2217 2513 [Oui]

83 2529 151 2566 368
164 2529 260 2576 [365]
390 2531 485 2577 prid.
503 2544 586 2568 non.
604 2533 692 2578 Apr.
769 2533 982 2569 Mediolano
1251 2534 1453 2570 Volusiano
1481 2539 1527 2579 psi
1553 2534 1721 2580 [Romae]
1808 2536 1824 2582 1,
1843 2538 1872 2578 1,
1887 2537 1918 2577 6,
1933 2537 1954 2571 5

84 2599 152 2634 368
394 2599 483 2636 VIII
508 2601 556 2636 id.
574 2602 654 2637 Iun.
771 2602 873 2638 lecta
898 2629 1043 2638 .....
1257 2603 1411 2648 Olybrio
1435 2609 1483 2648 pu
1513 2603 1682 2649 [Romae]
1809 2606 1839 2646 9,
1855 2605 1945 2646 38,4

84 2669 152 2704 368
395 2670 463 2705 XV
488 2672 522 2705 k.
541 2669 643 2717 Sept.
773 2683 836 2717 pp.
862 2671 1000 2708 Romae
1257 2672 1410 2718 Olybrio
1435 2678 1482 2718 ᾗῇ
1508 2673 1677 2719 [Romae]
1807 2675 1860 2717 11,
1876 2675 1930 2715 36,
1947 2675 1989 2709 19

27 2761 31 2763 -
84 2738 152 2774 368
395 2739 503 2775 VIIII
527 2740 563 2775 k.
581 2740 662 2776 Oct.
775 2768 1024 2777 ........
1257 2741 1433 2778 Viventio
1450 2747 1518 2787 ppo
1533 2742 1770 2788 [Galliarum]
1810 2744 1841 2785 8,
1856 2745 1887 2783 5,
1901 2744 1946 2778 30

85 2806 153 2842 368
395 2808 483 2844 VIII
508 2809 558 2844 id.
576 2809 670 2846 Nov.
775 2809 939 2846 Treviris
1257 2810 1377 2846 Probo
1402 2816 1470 2856 {1136
1497 2811 1662 2858 [Italiae]
1810 2814 1838 2853 1,
1853 2813 1944 2853 29‚4

88 2877 156 2913 368
173 2877 268 2922 [367]
397 2878 467 2913 IIII
498 2890 579 2915 non.
598 2878 683 2914 Dec.
777 2879 938 2915 Treviris
1259 2881 1399 2916 Domno
1418 2882 1602 2917 consulari
1615 2882 1765 2918 Siciliae
1809 2884 1824 2930 ΙΩ
1842 2884 1872 2924 8,
1888 2884 1919 2925 5,
1932 2882 1977 2916 29

87 2946 155 2982 368
397 2947 449 2982 VI
472 2948 508 2983 k.
526 2948 602 2984 Ian.
777 2977 1024 2986 ........
1257 2950 1450 3030 ΗἙιοι-ἓιῒρ
1472 2951 1655 2986 consulari
1811 2952 1825 2998 ¹0
1841 2952 1929 2986 lust.
1949 2952 1978 2992 1,
1993 2951 2047 2994 33,
2062 2952 2080 2985 1
2099 2950 2218 2996 [Hal]

1331 3008 1451 3040 yzacn

158 3096 240 3138 369
271 3095 724 3140 VALENTINIANO
757 3090 810 3141 N.
830 3090 881 3141 I).
914 3099 990 3141 ET
1021 3099 1283 3142 VICTORE
1315 3100 1367 3142 V.
1393 3100 1481 3154 C.1)
1517 3100 1710 3142 OONSS.

314 3178 340 3221 ¹)
365 3190 400 3212 u.
417 3190 446 3212 c.
472 3180 568 3212 adest
595 3180 622 3221 1,
640 3180 692 3222 16,
708 3180 760 3214 11.
792 3180 915 3223 5‚1,2.
942 3181 974 3223 8,
990 3181 1087 3221 11,3.
1114 3181 1144 3222 9,
1159 3181 1214 3222 37,
1228 3181 1259 3215 2.
1289 3181 1341 3222 11,
1357 3181 1412 3221 36,
1426 3181 1479 3215 20.
1509 3182 1561 3224 14,
1576 3182 1607 3225 8,
1623 3181 1654 3216 2.
1704 3184 1887 3216 indictione
1912 3184 1977 3215 XII
2003 3194 2081 3216 cou-

362 3226 477 3258 catatu
503 3227 622 3259 omisso
649 3226 701 3268 10,
714 3226 770 3268 23,
786 3228 817 3261 1.

271 3315 551 3351 Valentinianum
576 3318 720 3352 hiemem
753 3330 784 3352 a.
803 3317 904 3363 368l9
941 3321 1049 3363 egisse
1085 3321 1234 3353 Treviris
1271 3326 1304 3353 et
1341 3332 1400 3364 per
1437 3332 1472 3354 se
1503 3321 1678 3364 probabile
1711 3326 1762 3354 est
1792 3319 1847 3363 (ef.
1873 3322 2080 3356 Ammianus

158 3371 214 3415 28,
227 3372 260 3414 6,
276 3371 336 3416 20)
369 3381 403 3410 et
439 3377 642 3409 confirmant
677 3377 943 3420 subscriptiones
980 3377 1181 3421 complures.
1243 3378 1421 3411 Profectus
1451 3379 1530 3412 inde
1560 3389 1677 3412 mense
1708 3379 1800 3412 Maio
1827 3378 1881 3411 vel
1906 3379 2006 3411 Iunio
2033 3379 2078 3412 ad
