2501 3615
972 153 1015 157 —
1066 133 1162 168 XLV
1211 154 1253 159 —

150 234 234 269 1741
256 249 298 262 =
326 233 361 268 Υ
382 235 419 268 et.
445 231 653 267 Parisinum
680 233 760 268 Lat.
782 235 892 269 12445
916 236 973 280 (=
998 236 1185 283 Sangerm.
1204 239 1286 282 366)
1310 255 1352 268 Ξ
1376 240 1424 281 D,
1457 241 1500 275 de
1526 241 1661 286 quibus
1692 242 1782 289 ipsis
1814 244 1909 281 infra
1935 249 2077 293 agetur.

148 291 300 327 Glossae
328 290 419 336 ipsis
445 289 551 326 libris
576 293 702 327 aetate
729 292 802 328 sere
829 304 945 338 pares,
972 295 1184 341 adscriptae
1209 297 1256 331 ad
1275 297 1561 333 constitutiones
1583 300 1729 346 aliquot
1752 301 1930 338 librorum
1953 306 2077 349 quarti

147 352 185 385 et
209 348 298 386 noni
325 351 518 394 excerptas
543 361 587 384 ex
614 348 793 385 Breviarii
820 350 946 387 codice
973 352 1116 397 aliquo,
1148 356 1189 389 ut
1215 355 1422 390 luculenter
1447 368 1536 400 prae
1562 369 1598 392 se
1625 358 1748 394 ferunt
1773 359 1954 405 originem
1981 374 2076 397 com-

146 418 307 448 munem,
343 406 398 442 ita
423 406 584 442 invicem
618 419 655 443 se
687 408 849 452 explent.
902 409 1159 454 Proponuntur
1184 411 1253 447 hoc
1287 412 1366 447 loco
1394 413 1526 458 plenae
1553 416 1591 449 et
1617 415 1836 453 coniunctae
1863 419 2077 464 anteposita

146 465 304 501 lectione
331 464 468 500 codicis
494 465 718 502 codicumve.
745 478 788 500 cx
815 465 981 501 Parisino
1009 466 1102 503 libro
1129 481 1184 504 mc
1212 471 1366 513 rogante
1392 470 1600 517 exscriptae
1626 473 1673 508 ab
1697 474 1870 511 Omontio
1899 476 2075 512 bonorum

145 522 351 559 studiorum
376 523 519 558 fautore
548 522 693 568 insigni.

225 597 280 632 D:
304 598 450 638 4,18,1,
466 598 503 632 *1
539 597 661 643 cessit]
688 598 725 633 in
751 603 817 646 re}
839 599 974 635 ‘cessit'
998 600 1077 643 (sic)

229 654 285 689 D:
309 654 494 696 4‚18,2,4
542 656 744 690 communis
770 656 952 702 partibus]
979 656 1015 691 iu
1042 657 1097 701 Dy
1122 658 1390 695 ‘communibus
1417 661 1609 706 partibus'‚
1644 663 1681 698 in
1707 668 1772 710 reg
1803 668 1839 700 ct
1871 658 1948 701 intr
1969 666 2076 701 ‘com-

538 712 658 747 minus
684 713 869 758 partibus’

225 769 282 804 D:
308 770 339 810 4,
358 770 409 810 19,
427 771 455 811 1,
471 770 511 804 *8
542 770 702 815 (inimpr.
723 772 876 816 Alaric.)
902 771 1112 807 ordinamus
1137 775 1176 808 ut
1203 785 1274 808 non
1302 774 1431 821 uelint]
1460 776 1497 811 in
1523 780 1588 823 reg
1614 780 1649 814 et
1677 778 1713 813 in
1731 779 1787 824 Dy
1810 779 2076 816 ‘ordinauimus

537 840 609 874 quo
635 841 705 864 non
732 828 864 864 uelint’

226 885 282 920 D:
306 886 339 928 4,
353 886 407 927 20,
423 886 454 928 3,
474 887 489 921 1
541 886 642 932 apud
667 888 753 921 acta.
778 886 857 931 om]
885 878 960 921 111-ὖ·
984 889 1022 922 et
1047 886 1084 921 in
1111 887 1167 931 Dy
1191 888 1304 933 ‘apud
1330 891 1428 925 acta‘

227 943 284 978 D:
307 944 340 984 4,
355 945 409 985 22,
424 944 455 985 3,
472 945 494 979 4
543 943 701 988 erectus]
728 936 804 978 inTr
826 943 995 979 ‘euictus'

226 1000 284 1036 D.-
308 1002 340 1042 4,
357 1001 411 1043 22,
429 1002 460 1043 3,
475 1003 496 1036 6
544 1001 606 1037 liti
633 1001 819 1046 euentum]
847 1001 885 1036 in
909 1006 976 1048 1οξ
999 1002 1092 1038 ‘lite'

155 1053 160 1057 ”
189 1058 280 1093 YD:
306 1059 490 1103 9,1‚15,3
539 1057 776 1104 euindicatis]
804 1058 841 1094 in
866 1064 932 1105 reg
957 1062 995 1095 et
1020 1053 1096 1095 int—r
1118 1061 1382 1098 ‘emendicatis'

190 1116 278 1151 YD:
301 1117 486 1157 9.1‚19‚8
535 1115 736 1160 custodiat]
764 1115 801 1151 in
826 1121 871 1163 fg
895 1120 933 1153 et
958 1120 1010 1159 (et
1033 1129 1097 1153 om.
1113 1118 1164 1162 D)
1187 1112 1261 1154 nsti-
1284 1120 1489 1157 ‘custodiu’
1505 1122 1562 1165 (in
1590 1127 1737 1168 utroque
1762 1124 1847 1158 libro
1874 1135 1991 1168 maryo
2017 1135 2074 1159 ea:-

535 1183 615 1208 esus
640 1177 714 1216 est),
741 1172 780 1208 in
806 1173 863 1218 Dy
887 1174 1103 1211 ‘custodiae’
1129 1176 1196 1220 (sic
1220 1180 1309 1211 certe
1333 1177 1380 1221 Y)

230 1230 279 1266 Y:
303 1230 335 1272 9,
353 1231 382 1273 1,
400 1231 452 1274 19,
470 1231 511 1266 *2
541 1233 672 1276 sponte
698 1231 866 1284 finge-nti]
891 1231 940 1266 ad
963 1243 1040 1267 eam
1065 1233 1241 1268 lectionem
1266 1234 1303 1269 in
1321 1235 1489 1280 Dyonisii
1515 1236 1734 1282 adscriptam
1751 1242 1798 1273 est
1822 1239 1921 1273 ‘intra
1948 1250 2073 1282 versu-³,

534 1287 572 1322 in
603 1292 649 1335 r—gr
683 1291 720 1323 et
753 1288 810 1324 int
843 1289 1045 1335 ‘supplicia
1077 1290 1238 1336 fugienti
1275 1293 1563 1329 commonitoriis
1599 1298 1743 1331 sacreta
1773 1295 1853 1342 (sic)
1888 1296 2074 1332 mandatis

533 1345 643 1381 fidem
668 1345 814 1391 plenius
840 1347 1068 1393 abnegamus
1093 1349 1131 1383 et
1158 1349 1292 1384 cetera'
1318 1350 1358 1383 in
1382 1351 1549 1395 maraine.

259 1426 529 1463 Adnotatorem
560 1426 650 1462 duos
683 1426 828 1462 codices
861 1427 1076 1464 adhibuisse
1112 1431 1154 1463 ut
1187 1441 1209 1464 a
1241 1431 1504 1467 consuetudine
1538 1432 1813 1479 philologorum
1844 1434 2074 1469 saeculorum

141 1495 267 1521 eorum
293 1495 530 1529 nequaquam
556 1484 747 1527 abhorret,
778 1484 833 1520 ita
863 1497 981 1531 paene
1013 1485 1091 1522 51110
1121 1487 1290 1532 exemplo
1322 1491 1393 1530 est,
1428 1491 1526 1534 quod
1559 1503 1621 1526 eos
1651 1491 1874 1527 nominatim
1903 1492 2074 1536 appellat

140 1541 300 1577 alterum
323 1540 527 1587 ‘Dyonisii',
554 1541 714 1577 alterum
735 1542 814 1588 ‘reTg
836 1543 909 1586 (vel
932 1545 989 1589 ᾗ)
1017 1547 1055 1579 et
1080 1537 1157 1579 int—r
1179 1545 1253 1588 (vel
1277 1538 1370 1589 111-ω’.
1411 1546 1521 1580 Illum
1547 1548 1743 1593 probabile
1768 1551 1824 1585 est
1850 1548 2073 1594 pertinuisse

139 1599 189 1635 ad
218 1598 339 1636 sancti
364 1599 535 1645 Dionysii
569 1611 685 1645 prope
710 1599 873 1636 Parisios
906 1601 1171 1637 mona-sterium
1203 1604 1241 1637 et
1273 1615 1388 1648 prope
1421 1604 1617 1640 accessisse
1650 1605 1698 1640 ad
1729 1605 1905 1641 breviarii
1938 1606 2074 1641 librum

140 1655 360 1702 primarium
385 1657 645 1698 Oxoniensem;
677 1660 777 1693 certe
794 1659 932 1701 4,1S,⁶2
957 1659 1070 1695 lectio
1102 1661 1344 1695 communibus
1367 1662 1533 1705 partibus
1565 1665 1714 1708 praeter
1739 1663 2003 1709 Dionysianum
2030 1677 2073 1700 ex

139 1714 218 1750 solo
244 1713 445 1750 Oxoniensi
470 1717 624 1750 enotata
649 1718 716 1751 est.
767 1715 888 1762 Magis
913 1716 1154 1752 memorabile
1180 1720 1250 1760 est,
1277 1719 1375 1763 quod
1401 1731 1446 1753 ex
1471 1719 1590 1755 altero
1617 1720 1742 1756 codice
1769 1721 1881 1756 lectio
1907 1724 2072 1757 extremo

140 1772 222 1808 loco
248 1775 403 1808 enotata
429 1771 576 1808 omnino
603 1772 774 1808 derivata
799 1775 855 1808 est
881 1785 926 1809 ex
945 1773 1129 1809 Vaticano
1154 1777 1295 1816 nostr0;
1322 1787 1406 1810 nam
1433 1788 1515 1810 cum
1541 1777 1652 1821 plena
1678 1779 1716 1812 et
1742 1789 1828 1812 vera
1853 1777 1965 1814 lectio
1989 1789 2072 1822 sap-

134 1830 249 1874 plicia
271 1830 430 1876 fuyienti
452 1834 574 1874 sponte
599 1830 748 1875 fingenti
781 1842 852 1866 non
884 1831 1027 1866 tradita
1053 1831 1103 1867 sit
1134 1831 1205 1867 nisi
1236 1832 1275 1867 in
1306 1833 1383 1868 solo
1415 1833 1658 1879 palimpsesto
1686 1834 1917 1877 Taurinensi,
1951 1839 2072 1879 sponte

137 1887 286 1932 flnyenti
317 1887 459 1924 habent
483 1886 666 1923 Breviarii
700 1887 844 1923 codices
876 1900 1016 1930 onmes,
1049 1890 1228 1933 supplicia
1257 1890 1414 1935 fuyicnti
1439 1891 1662 1934 Vaticanus,
1697 1892 1735 1926 111
1759 1904 1831 1937 quo
1861 1892 1951 1928 item
1975 1893 2072 1929 redit

140 1956 240 1981 error
262 1948 394 1980 secreta
420 1957 486 1990 pro
510 1949 647 1980 secreto.
697 1945 817 1986 Quam
842 1946 888 1981 ob
914 1958 990 1981 rem
1022 1959 1140 1992 paene
1171 1950 1312 1984 certum
1337 1951 1393 1984 est
1423 1948 1680 1994 compendium
1705 1950 1864 1985 alterum
1889 1949 2071 1995 accipien-

139 2003 227 2038 dum
259 2014 336 2039 esse
370 2003 414 2038 de
448 2002 575 2039 codice
600 2002 801 2049 int(ey)r(o)
827 2006 864 2039 et
887 2004 1046 2039 alterum
1071 2005 1299 2041 adiectivum
1324 2006 1584 2052 accipiendum
1609 2020 1687 2043 esse
1720 2008 1763 2043 de
1790 2007 1915 2043 codice
1945 2009 2071 2053 reyfflo)

139 2060 333 2107 probabile
346 2063 389 2106 ¹),
420 2073 645 2106 quamquam
680 2061 724 2096 de
758 2061 990 2098 bibliotheca
1024 2074 1152 2109 regum
1183 2063 1328 2100 Galliae
1364 2076 1430 2109 per
1462 2076 1506 2100 ea
1540 2067 1707 2110 tempora
1739 2065 1960 2100 documenta
1995 2064 2071 2099 alia

137 2118 242 2153 nulla
265 2118 456 2154 habemus.
506 2118 612 2159 Quod
636 2119 763 2154 obstat
793 2119 949 2164 reperiri
980 2119 1017 2154 in
1043 2121 1162 2156 altero
1191 2120 1285 2156 libro
1311 2121 1490 2158 lectiones
1515 2123 1694 2167 quasdam
1720 2134 1763 2158 cx
1789 2123 1917 2158 eodem
1943 2121 2068 2157 codice

138 2175 326 2211 derivatas
358 2177 397 2212 et
431 2176 510 2212 sine
545 2177 657 2212 dubio
691 2177 738 2212 ad
769 2177 1002 2214 Breviarium
1036 2182 1266 2224 spectantes,
1300 2179 1384 2215 inde
1419 2180 1517 2225 quod
1548 2180 1655 2215 modo
1687 2179 1964 2215 observavimus
1998 2191 2069 2214 1100

137 2232 303 2275 tollitur,
335 2233 399 2270 sed
423 2234 663 2270 statuendum
692 2235 763 2271 erit
794 2236 963 2272 extitisse
988 2238 1178 2282 exemplar
1203 2236 1429 2283 descriptum
1461 2237 1598 2283 partim
1630 2250 1674 2273 ex
1699 2237 1904 2279 Breviario,
1932 2237 2068 2282 partim

138 2302 183 2327 ex
196 2290 394 2327 Vaticano.
431 2291 570 2328 Similis
593 2292 711 2338 igitur
736 2293 809 2328 fuit
835 2295 949 2330 codex
974 2294 1189 2340 deperditus
1214 2295 1338 2341 regius
1357 2297 1401 2338 (ἲ)
1429 2297 1466 2331 ct
1490 2295 1645 2341 integer,
1671 2295 1701 2330 si
1727 2297 1826 2331 recte
1851 2295 2069 2341 compendia

137 2348 325 2391 solvimus,
352 2349 473 2385 codici
498 2350 637 2386 saeculi
661 2351 695 2385 X
721 2351 933 2396 Solmsiani,
960 2365 1068 2397 quem
1095 2352 1191 2388 infra
1217 2365 1251 2398 p.
1270 2353 1351 2388 LVI
1378 2352 1712 2388 demonstrabimus
1738 2351 1963 2398 descriptum
1990 2365 2067 2389 esse

137 2418 182 2441 ex
207 2406 288 2452 ipso
306 2406 501 2449 Vaticano,
528 2407 660 2443 similis
685 2407 777 2444 item
803 2409 958 2445 alterius
983 2409 1079 2445 infra
1104 2409 1298 2446 enarrandi
1324 2409 1558 2445 Ambrosiani
1584 2411 1666 2455 (A),
1694 2422 1803 2455 quem
1828 2409 1891 2454 qui
1917 2409 2068 2454 scripsit

138 2463 408 2499 contaminavit
445 2465 673 2510 exemplaria
710 2467 796 2509 duo,
835 2467 994 2503 alterum
1027 2467 1279 2504 Theodosiani
1316 2467 1453 2514 integri
1487 2468 1680 2510 mutilum,
1719 2469 1879 2504 alterum
1916 2468 2065 2512 plenum

136 2520 330 2557 Breviarii.
379 2521 469 2557 Inde
498 2534 570 2558 non
599 2523 677 2558 sine
705 2524 834 2569 aliqua
864 2525 987 2570 specie
1015 2525 1091 2561 veri
1123 2525 1323 2561 efficiemus
1342 2525 1566 2560 Vaticanum
1598 2525 1734 2560 librum
1760 2525 1880 2570 ipsum
1913 2536 2006 2559 saec.
2033 2524 2065 2558 X

137 2578 374 2615 adservatum
399 2579 510 2615 fuisse
537 2579 677 2616 alicubi
702 2581 740 2616 in
765 2581 900 2617 Gallia.

253 2636 421 2684 Innotuit
452 2636 548 2673 liber
577 2649 643 2683 per
668 2639 869 2675 Iohannem
902 2640 1042 2675 Tilium
1073 2641 1398 2687 Engolismensem.
1454 2641 1490 2675 Is
1527 2652 1621 2686 quae
1656 2640 1769 2675 codex
1802 2639 1918 2675 habet
1955 2641 2066 2674 autea

137 2692 284 2730 inedita
308 2693 449 2740 primus
467 2694 611 2740 publici
636 2695 727 2731 iuris
752 2696 843 2732 fecit
868 2698 1120 2742 a.1549s1550‚
1147 2697 1268 2743 ipsum
1295 2698 1390 2733 unde
1416 2698 1591 2733 habuerit
1615 2709 1686 2732 non
1712 2696 1904 2739 indicavit,
1932 2697 2063 2732 solum-

136 2751 245 2787 modo
270 2751 467 2788 enuntians
492 2763 576 2786 eum
601 2753 649 2787 ad
672 2765 804 2788 manus
830 2766 914 2790 suas
939 2755 1164 2800 pervenisse;
1192 2756 1235 2791 de
1256 2755 1480 2791 Floriacensi
1507 2754 1740 2790 bibliotheca
1765 2767 1847 2790 eum
1874 2755 2063 2799 prolatum

137 2820 231 2851 esse,
261 2820 357 2854 quae
383 2809 595 2845 coniectura
621 2813 677 2846 est
703 2810 876 2847 Haenelii
902 2813 1030 2857 (praef.
1058 2813 1106 2848 ad
1131 2813 1268 2849 Theod.
1295 2826 1329 2858 p.
1353 2813 1525 2856 XXVII),
1559 2813 1660 2847 nullo
1693 2814 1911 2858 argumento
1943 2812 2064 2846 defen-

137 2866 247 2902 ditur.
295 2866 386 2902 Post
416 2866 571 2909 Tilium,
608 2870 650 2902 ut
685 2867 849 2903 ostendit
881 2869 1075 2905 adnotatio
1108 2869 1142 2905 ei
1173 2869 1355 2915 inscripta
1384 2870 1606 2914 (Alexander
1630 2870 1741 2904 Pauli
1770 2869 1866 2911 filius
1898 2869 2064 2903 Pacuvius

135 2927 276 2959 sethm·
302 2924 523 2959 Parisiensis
546 2926 668 2969 1647),
695 2925 797 2961 venit
821 2926 869 2960 ad
896 2926 1108 2967 Petavium,
1143 2926 1274 2963 deinde
1307 2940 1388 2962 cum
1419 2927 1573 2971 reliquis
1599 2926 1814 2962 petavianis
1838 2926 1886 2961 ad
1911 2925 2064 2961 Christi-

135 2993 222 3017 nam
247 2981 402 3018 Sueciae
430 2981 616 3028 reginam,
649 2994 733 3017 mox
763 2994 846 3017 cum
879 2982 957 3019 eius
983 2983 1217 3029 supellectile
1243 2983 1430 3020 litteraria
1454 2983 1491 3018 in
1512 2984 1754 3025 Vaticanam,
1788 2983 1850 3018 ubi
1884 2996 1967 3017 cuin
1999 2983 2063 3018 diu

134 3038 319 3082 latuisset,
345 3050 378 3074 a.
400 3039 488 3075 1817
513 3051 580 3085 per
603 3039 745 3075 Maium
770 3042 807 3075 et
833 3039 1080 3076 Niebuhrium
1107 3041 1225 3076 denuo
1250 3041 1287 3075 10
1312 3041 1432 3076 lucem
1456 3044 1669 3087 protractus
1693 3043 1759 3076 est.

251 3095 498 3132 Continentur
527 3096 861 3133 continebanturve
896 3097 934 3132 in
967 3097 1093 3134 codice
1125 3098 1385 3142 quaterniones
1416 3099 1649 3135 ternionesve
1685 3098 1869 3134 numerati
1902 3098 2062 3133 numeris

135 3152 286 3189 Graecis
310 3165 404 3188 unus
431 3155 470 3189 et
494 3154 743 3199 sexaginta2),
770 3154 1020 3190 Theodosiani
1045 3155 1132 3190 libri
1150 3155 1239 3191 VIII
1265 3154 1487 3201 posteriores
1513 3168 1535 3191 a
1553 3156 1660 3190 VIIII
1686 3156 1736 3190 ad
1761 3156 1856 3190 XVI.
1906 3155 2061 3191 Hiatum

253 3257 279 3301 ¹)
305 3259 356 3292 De
372 3258 518 3303 Reyemi
541 3260 613 3293 sive
629 3260 766 3293 Reiensi
783 3261 916 3304 oppido,
941 3261 1040 3294 hodie
1058 3261 1137 3294 Hiez
1155 3260 1246 3303 (vide
1263 3262 1299 3295 C.
1314 3263 1340 3294 Ι.
1355 3262 1382 3293 L
1399 3261 1466 3294 vol.
1482 3263 1548 3294 XII
1567 3273 1596 3304 p.
1616 3261 1669 3302 19)
1690 3263 1747 3294 vix
1764 3262 1888 3304 poterit
1905 3262 2061 3304 cogitari.

254 3315 281 3358 ²)
306 3317 440 3350 Codicis
469 3319 493 3350 f.
510 3315 578 3350 440
602 3316 726 3350 finiens
752 3317 806 3360 16,
819 3317 851 3357 8,
865 3317 919 3358 22,
939 3317 978 3350 *7
1010 3320 1219 3361 temptaverit
1251 3324 1438 3352 extremum
1474 3325 1525 3352 est
1558 3320 1791 3362 quaternionis
1825 3319 1953 3362 signati
1982 3320 2058 3359 ΝΘ;

135 3361 250 3405 itaque
274 3361 393 3404 1:448,
417 3364 453 3396 in
478 3375 545 3407 quo
571 3364 677 3397 codex
702 3364 802 3398 hodie
827 3365 912 3405 finit,
939 3369 1128 3398 extremum
1154 3367 1219 3399 fuit
1243 3366 1475 3408 quaternionis
1500 3367 1573 3398 LX.
