2485 3615
1123 160 1168 165 —
1217 138 1427 176 CCCXLIV
1476 159 1521 170 ‚-

430 246 488 288 *L
509 246 572 281 147
600 261 642 275 =
669 245 770 280 Decr.
797 245 870 280 fab.
898 244 1021 278 XXVI
1048 243 1112 278 cfr.
1136 244 1194 278 Br.
1222 243 1289 277 Th.
1317 243 1379 287 IX,
1398 244 1428 284 1,
1447 245 1468 279 5
1494 243 1532 277 in
1558 243 1638 279 fine.

475 304 574 337 *148
601 318 641 331 =
710 330 722 344 ,,
814 331 826 344 ,,
894 301 1036 335 XXVII
1075 329 1087 342 „
1150 328 1163 342 ,‚
1206 300 1402 335 Nov.Va1.
1429 300 1547 342 XI[,1
1576 300 1643 336 int.

475 362 575 395 *164
603 376 643 389 =
670 359 739 405 Ep.
758 359 941 404 Stephani
967 358 1129 393 secunda
1156 370 1188 392 c.
1207 357 1259 392 XI
1285 358 1347 393 cfr.
1373 358 1432 393 ΒΥ.
1452 358 1520 393 Th.
1540 358 1602 399 IX,
1624 361 1651 403 1,
1671 360 1701 394 7.

476 420 493 438 *
512 419 573 452 177
601 434 643 447 =
670 419 734 462 Ep.
755 416 941 463 Stephani
959 416 1120 452 secunda
1147 427 1176 450 c.
1197 415 1287 450 VIII
1310 444 1323 458 ,,
1386 444 1399 458 ,,
1438 416 1542 451 Paul.
1569 416 1613 457 V,
1631 418 1662 459 5,
1682 418 1713 451 9.

428 478 445 496 '⁸‘
460 477 505 517 ΙΙ,
531 477 575 510 39
601 492 642 504 =
669 476 734 520 Ep.
754 475 849 510 Sixti
868 475 902 508 ΙΙ
929 474 1089 508 secunda
1115 485 1144 508 c.
1160 473 1212 508 VI
1229 474 1354 508 nullus
1380 474 1566 518 episcopus
1592 490 1633 503 =
1660 475 1746 510 Ben.
1765 475 1850 510 Lev.
1869 476 1934 517 ΙΙΙ,
1953 477 2021 511 308
2039 477 2097 513 vel
2116 489 2174 523 ep.
2194 477 2292 513 Sixti

838 532 999 567 secunda
1024 531 1086 566 cfr.
1108 531 1162 565 ΒΥ.
1183 531 1251 566 Th.
1278 531 1340 574 IV,
1362 533 1413 572 14,
1434 534 1450 566 1
1477 531 1545 566 int.

436 591 499 632 IV,
525 592 570 625 90
596 607 638 620 =
666 591 751 625 Ben.
771 590 855 625 LeV.
884 589 1033 624 111286
1060 605 1102 618 =
1128 589 1187 623 Br.
1207 589 1276 623 Th.
1304 589 1400 631 XVI,
1420 590 1451 632 4,
1475 593 1487 625 l
1517 589 1584 625 int.
1612 590 1671 625 vel
1697 590 1764 636 Ep.
1783 590 1875 636 Aeg.
1902 592 1926 626 l.
1945 603 1974 627 c.

418 649 499 690 VH,
526 650 570 683 28
597 664 638 677 =
665 647 750 682 Isid.
768 647 890 691 Etym.
918 647 980 688 IX,
1002 648 1023 681 5
1049 662 1090 675 =
1118 646 1176 680 Br.
1197 646 1302 681 Paul.
1328 646 1390 689 IV,
1411 647 1455 682 10
1480 658 1563 682 cum
1588 647 1655 682 int.

435 707 496 750 IX,
523 706 567 740 28
593 722 635 735 =
661 705 803 751 Regino
829 704 874 746 ΙΙ,
897 704 960 738 129
987 719 1028 732 =
1055 704 1115 738 ΒΥ.
1134 703 1239 738 Paul.
1259 704 1304 745 ΙΙ,
1323 704 1378 746 20,
1397 705 1417 738 4
1442 703 1509 739 int.
1536 704 1727 749 aliquibus
1751 704 1875 740 verbis
1899 705 2068 742 mutatis.

434 764 496 805 IX,
523 765 567 798 3O
593 779 634 792 z
660 762 804 808 Regino
829 762 875 803 II,
892 762 958 796 128
984 777 1026 790 =
1079 789 1093 803 „
1178 789 1191 803 „
1251 761 1295 803 ΙΙ,
1314 761 1370 805 20,
1387 762 1419 795 4.

454 821 497 863 X,
524 821 568 855 28
595 821 658 855 cfr.
685 820 738 855 Re
768 820 827 855 ino
855 820 900 860 ΙΙ,
919 820 987 854 360
1237 822 1244 859 a
1839 847 1845 853 .

454 879 485 913 X
523 880 618 913 30—
629 880 667 912 31
699 833 765 913 Cfrg
786 877 930 923 Regino
956 877 1001 919 H,
1021 860 1245 912 361—3625
1276 847 1335 882 ΒΥ.
1356 847 1424 882 Th.
1453 847 1517 890 IX,
1538 848 1591 890 13,
1613 849 1641 882 1.
1667 849 1699 883 2.
1725 849 1746 882 3
1771 850 1810 883 et
1836 851 1922 884 mtt.
1950 848 2102 894 [comat
2126 850 2152 892 1,
2177 850 2293 895 262³].

384 938 402 956 '⁵
418 936 495 979 XV,
545 938 564 971 9
592 952 633 965 =
659 936 746 970 Ben.
768 935 852 970 Lev.
880 935 944 977 ΙΙΙ,
963 936 1030 970 346
1057 935 1115 969 vel
1142 947 1225 980 cap.
1245 934 1389 980 Angilr.
1408 934 1567 968 XXXIX
1594 934 1657 970 cfr.
1682 935 1742 970 Br.
1761 935 1866 970 Paul.
1885 936 1950 978 ΙΙΙ,
1969 937 2001 979 6,
2019 937 2041 971 8
2065 937 2105 971 in
2129 949 2185 982 pr.

400 995 496 1036 XVI,
546 995 566 1028 9
592 1009 634 1022 ==
698 1022 711 1036 „
791 1022 803 1036 „
856 994 921 1035 III,
945 994 1007 1028 163
1033 993 1093 1027 vel
1120 995 1185 1027 291
1215 993 1278 1028 cfr.
1303 993 1363 1028 Br.
1391 993 1498 1027 Paul.
1528 993 1554 1034 I,
1575 994 1606 1035 6,
1630 995 1645 1028 1
1676 993 1828 1038 [Conrat
1853 994 1879 1036 Ι,
1899 996 1966 1030 262
1979 995 2016 1041 ¹].

401 1052 499 1093 XVI,
520 1054 563 1086 10
589 1067 630 1080 Ξ
693 1079 706 1093 ,‚
785 1080 799 1094 ,,
852 1051 914 1093 ΙΙΙ,
934 1051 1000 1086 367
1027 1051 1091 1086 cfr.
1109 1050 1177 1095 Ep.
1196 1051 1278 1086 Par.
1300 1050 1369 1085 Th.
1396 1051 1442 1093 II,
1465 1053 1494 1092 1,
1512 1052 1544 1085 4.

401 1109 499 1153 XVI,
517 1110 559 1144 37
579 1121 694 1153 usque
710 1109 929 1153 ‘permissum
945 1109 1010 1143 est’
1023 1124 1065 1138 =
1081 1108 1223 1154 Regino
1241 1109 1286 1151 ΙΙ,
1303 1110 1367 1143 144
1384 1124 1426 1137 =
1441 1108 1500 1143 Br.
1514 1108 1582 1143 Th.
1596 1108 1657 1151 IX,
1669 1111 1700 1151 4,
1713 1110 1733 1143 2
1748 1108 1815 1144 int.
1830 1109 1869 1144 in
1885 1110 1955 1145 fine
1971 1110 2124 1156 [Conrat
2137 1111 2164 1151 Ι,
2178 1111 2246 1145 262
2259 1109 2294 1155 ¹].

472 1202 652 1238 Collectio
691 1201 887 1238 duodecim
925 1202 1122 1245 librorum,
1158 1214 1254 1247 quae
1286 1205 1369 1238 tota
1402 1203 1618 1238 Burchardo
1650 1203 1841 1245 innititur,
1873 1202 1972 1238 inter
2007 1206 2082 1239 tres
2113 1203 2215 1240 locos
2246 1202 2294 1238 ad

354 1262 410 1296 ius
436 1260 642 1296 Romanum
669 1261 898 1306 pertinentes
924 1261 1068 1295 nullum
1094 1273 1138 1296 ex
1163 1261 1356 1297 Breviario
1383 1261 1509 1296 habet.
1523 1263 1548 1306 ¹)

74 1346 290 1379 odoramnus
470 1331 699 1366 Odoramnus
724 1330 942 1365 Senonensis
954 1333 981 1375 ²)
1008 1331 1189 1366 nonnulla
1213 1332 1428 1376 fragmenta
1453 1330 1541 1366 libri
1566 1331 1654 1366 noni
1678 1330 1928 1366 Theodosiani
1953 1331 2026 1376 [Bt.
2044 1330 2112 1365 Th.
2132 1330 2194 1372 IX,
2216 1332 2244 1373 1,
2262 1331 2294 1366 3.

75 1394 288 1426 Senonensis.
353 1391 385 1424 6.
406 1390 435 1423 7.
458 1392 514 1430 11;
541 1390 601 1430 IX,
620 1390 651 1431 3,
675 1391 702 1424 l.
721 1389 756 1434 2]
783 1391 820 1424 et
838 1389 1036 1425 formulare
1055 1389 1242 1434 quoddam
1260 1389 1384 1424 libelli
1402 1389 1628 1424 accusatorii
1647 1401 1691 1424 ex
1711 1389 1834 1425 verbis
1850 1389 2022 1425 rubricae
2038 1389 2098 1423 ΒΥ.
2114 1389 2181 1423 Th.
2196 1388 2258 1431 IX,
2276 1390 2292 1423 1

354 1445 732 1491 inscriptionibusque
758 1449 794 1482 et
822 1447 908 1481 aliis
935 1446 1100 1482 eiusdem
1125 1447 1231 1482 tituli
1259 1447 1592 1482 constitutionibus
1619 1447 1693 1492 [ΒΓ.
1713 1447 1782 1482 Th.
1800 1447 1863 1489 IX,
1884 1449 1913 1489 1,
1932 1448 1963 1482 6.
1981 1448 2013 1482 8.
2034 1446 2089 1491 11]
2116 1446 2295 1492 composi-

354 1508 432 1539 tum
458 1516 531 1538 non
557 1515 601 1539 ex
626 1504 708 1550 ipso
734 1504 938 1547 Breviario,
965 1505 1028 1540 sed
1055 1517 1097 1540 ex
1124 1505 1226 1540 fonte
1253 1505 1415 1550 quodam
1442 1504 1697 1541 ecclesiastico
1722 1505 1884 1550 habet.³)

58 1588 216 1621 collectio
242 1587 314 1619 cod.
468 1574 591 1609 Etiam
616 1574 828 1619 fragmenta
847 1575 1079 1611 collectionis
1097 1575 1342 1611 decretalium
1369 1576 1509 1612 codicis
1535 1575 1770 1612 miscellanei
1790 1575 1875 1610 Vat.
1894 1587 1969 1620 reg.
1984 1576 2052 1610 453
2076 1574 2138 1609 fol.
2157 1575 2295 1610 50-55

53 1635 126 1667 Vae.
149 1646 216 1677 req.
242 1636 314 1667 453.
353 1633 492 1668 saeculi
519 1632 727 1667 duodecimi
753 1632 916 1668 ineuntis
942 1634 978 1668 in
1005 1634 1096 1677 illis,
1129 1646 1225 1678 quae
1251 1646 1295 1669 ex
1320 1634 1399 1669 iure
1426 1634 1592 1670 Romano
1619 1635 1776 1675 habent,
1811 1645 1894 1668 cum
1919 1632 2231 1678 interpretatione
2257 1634 2295 1668 et

354 1691 519 1737 epitoma
549 1690 734 1726 Breviarii
764 1691 973 1737 Aegidiana
1008 1692 1218 1727 cohaerent.
1277 1692 1358 1732 Qua
1394 1693 1437 1728 de
1470 1705 1508 1728 re
1543 1704 1625 1727 eam
1658 1692 1696 1726 in
1728 1692 1902 1737 partibus
1932 1690 2039 1737 regni
2069 1691 2294 1726 Francorum

354 1750 596 1795 compilatam
621 1761 698 1785 esse
724 1750 905 1795 suspicari
933 1750 1033 1786 licet.
1085 1749 1266 1785 Conratus
1293 1751 1334 1796 [I‚
1354 1752 1421 1785 2454
1433 1751 1459 1796 ³]
1486 1751 1578 1785 haec
1610 1751 1821 1796 fragmenta
1856 1761 1900 1784 ex
1926 1748 2117 1784 Breviario
2143 1751 2294 1794 sumpta

354 1808 513 1854 allegat:

609 1866 636 1890 c.
665 1857 705 1890 91
736 1871 776 1884 =
803 1855 862 1890 ΒΥ.
882 1855 948 1889 Th.
977 1855 1002 1897 I,
1026 1857 1052 1897 1,
1075 1857 1087 1889 1
1118 1855 1185 1890 int.

828 1942 841 1955 „
907 1941 922 1956 ,,
952 1913 997 1956 lI,
1016 1914 1083 1951 21
1112 1913 1179 1948 int..

806 1972 931 2018 glossa
958 1972 1004 2006 ad
1031 1972 1088 2007 ΒΓ.
1109 1971 1177 2005 Th.
1204 1971 1230 2012 I,
1251 1973 1267 2005 1
1297 1971 1364 2005 sub
1392 1970 1504 2005 verbo
1528 1970 1622 2005 ‘lex'.

865 2059 879 2071 ‚,
981 2059 993 2072 „
1050 2058 1062 2071 ,
1143 2057 1156 2071 „
1208 2030 1235 2071 Ι,
1255 2031 1287 2074 2,
1309 2032 1322 2064 1
1352 2029 1420 2063 sub
1447 2028 1558 2064 verbo
1583 2028 1807 2074 ‘pr-incipes’.

809 2088 875 2133 Ep.
894 2088 985 2133 Aeg.
1013 2087 1080 2122 Th.
1108 2088 1154 2129 II,
1174 2088 1205 2128 4,
1224 2089 1244 2121 5
1271 2090 1308 2122 et
1335 2088 1365 2122 7.

610 2158 638 2182 c.
666 2147 710 2182 de
736 2145 858 2181 iudice
885 2162 927 2175 =
953 2146 1020 2191 Ep.
1038 2146 1129 2192 Aeg.
1149 2145 1254 2180 Paul.
1280 2146 1325 2188 ΙΙ,
1343 2146 1375 2187 8,
1397 2147 1425 2179 1.
1453 2146 1484 2180 2.

101 2256 203 2289 Liber
228 2257 268 2289 de
472 2240 578 2275 Unde
605 2241 737 2274 auctor
762 2239 851 2274 libri
873 2240 932 2274 ‘de
957 2239 1106 2274 unitate
1132 2238 1313 2273 ecclesiae
1347 2238 1612 2273 conservanda'
1638 2237 1745 2272 annis
1777 2238 1955 2273 1090-93
1981 2236 2180 2283 confecti4)
2215 2237 2293 2279 illa,

57 2304 185 2335 unitate
209 2304 307 2335 eccle·
356 2310 450 2343 quae
476 2298 515 2333 in
539 2297 650 2343 primi
680 2297 767 2332 libri
793 2310 874 2343 cap.
901 2297 952 2331 IX
978 2309 1023 2333 ex
1053 2297 1149 2332 libro
1177 2296 1430 2332 Theodosiani
1456 2296 1599 2331 decimo
1625 2299 1728 2331 sexto
1759 2296 1898 2340 adfert,
1933 2295 2135 2341 sumpserit
2159 2294 2294 2331 nescio.

77 2351 145 2381 siae
165 2361 296 2382 conser-
357 2356 465 2391 Certe
493 2355 711 2391 Germaniae
746 2355 963 2390 tribuendus
996 2357 1068 2398 est,
1100 2367 1184 2390 nan)
1221 2354 1360 2390 multas
1393 2365 1467 2396 reS,
1497 2365 1592 2398 quae
1624 2353 1662 2388 in
1687 2353 1847 2388 Saxonia
1873 2352 2083 2399 Thuringia
2106 2352 2242 2388 Hassia
2273 2364 2295 2388 a

122 2396 249 2428 vanda.
356 2414 589 2460 principibus
606 2418 643 2450 et
662 2413 858 2459 episcopis,
876 2414 941 2458 qui
958 2426 980 2448 a
999 2413 1170 2460 Gregorii
1184 2414 1265 2449 VII.
1285 2426 1397 2449 causa
1415 2413 1580 2454 stabant,
1607 2415 1715 2458 gesta
1733 2414 1830 2455 sunt,
1854 2415 1933 2448 tam
1958 2413 2133 2448 accurate
2155 2413 2294 2452 narrat,

357 2476 399 2508 ut
428 2473 566 2508 multas
596 2473 677 2518 ipse
708 2472 869 2514 audisse,
903 2471 1033 2507 multis
1065 2472 1175 2507 rebus
1207 2472 1422 2508 interfuisse
1454 2471 1639 2507 videatur.
1689 2470 1924 2517 Fragmentis
1958 2482 2003 2506 ex
2034 2469 2294 2506 Theodosi-ano

356 2530 493 2571 utitur,
526 2533 568 2565 ut
593 2530 865 2566 demonstretur
889 2529 1090 2564 Arcadium
1114 2529 1394 2575 imperatorem,
1421 2541 1531 2574 quein
1557 2530 1604 2564 ab
1632 2528 1850 2564 Innocentio
1876 2540 1977 2574 papa
2002 2527 2294 2564 excommunica-

356 2590 435 2622 tum
461 2587 571 2623 fuisse
604 2589 749 2623 auctori
781 2600 854 2623 non
886 2587 976 2623 satis
1003 2588 1217 2630 constabat=
1254 2588 1433 2623 ecclesiae
1466 2587 1625 2622 multum
1655 2586 1791 2622 favisse
1824 2586 1933 2630 eique
1965 2585 2069 2621 varia
2093 2585 2296 2632 privilegia

357 2646 512 2688 dedisse,
537 2646 648 2682 ‘sicut
675 2649 835 2682 testatur
855 2646 950 2681 liber
968 2646 1255 2682 christianorum
1280 2645 1548 2691 imperatorum
1574 2645 1618 2680 de
1643 2645 1714 2679 fide
1741 2643 1954 2679 catholica’.
1996 2643 2137 2684 Quibus
2155 2643 2295 2679 verbis:

357 2704 467 2739 ‘liber
492 2704 776 2739 christia-norum
806 2703 1073 2749 imperatorum
1107 2704 1152 2738 de
1183 2703 1253 2739 fide
1280 2703 1482 2738 catholica‘
1515 2715 1589 2737 non
1616 2702 1735 2737 solum
1760 2701 1895 2737 titulus
1925 2701 2014 2736 libri
2039 2701 2174 2737 decimi
2198 2700 2295 2736 sexti

359 2761 509 2807 primus,
536 2763 598 2798 sed
623 2765 726 2797 totus
751 2762 846 2797 liber
869 2761 1073 2808 significari
1099 2761 1255 2804 videtur,
1293 2772 1379 2796 nam
1405 2772 1501 2805 quae
1533 2773 1576 2797 ex
1603 2760 1668 2795 illo
1696 2760 1915 2805 compendio
1941 2760 2072 2803 adfert,
2099 2760 2146 2795 ad
2173 2759 2295 2794 varios

359 2819 469 2854 huius
493 2819 581 2854 libri
607 2819 738 2855 titulos
764 2820 964 2865 pertinent.
1014 2820 1107 2855 Sunt
1131 2820 1242 2855 haec:
1279 2819 1348 2854 Th.
1374 2819 1472 2861 XVI,
1492 2820 1523 2861 2,
1543 2819 1587 2853 29
1611 2819 1866 2863 [quaecumque
1891 2839 1935 2844 —
1958 2818 2146 2861 deferatur
2169 2816 2292 2862 (depu-

359 2879 489 2922 temo-fl,
517 2878 601 2913 dein
626 2878 860 2914 abbreviatio
887 2878 1166 2914 constitutionis
1192 2878 1290 2919 XVI,
1309 2878 1340 2918 2,
1359 2879 1413 2922 31,
1441 2878 1526 2913 dein
1544 2876 1763 2922 compilatio
1781 2889 1826 2913 ex
1844 2875 2175 2912 constitutionibus
2194 2875 2290 2919 XVI,

360 2937 391 2977 1,
409 2936 429 2968 2
448 2938 485 2971 et
503 2936 533 2977 3,
553 2947 647 2980 quae
665 2936 835 2972 Gratiani
860 2939 898 2973 et
916 2936 1175 2972 Valentiniani
1201 2938 1238 2971 et
1257 2935 1458 2971 Theodosii
1484 2938 1579 2977 sunt,
1608 2935 1693 2970 dein
1712 2934 1811 2976 XVI,
1830 2935 1861 2976 2,
1880 2936 1924 2970 25
1944 2933 2125 2978 Gratiani,
2150 2935 2189 2969 et
2206 2944 2293 2978 pars

359 2993 637 3028 constitutionis
661 2994 759 3036 XVI,
778 2995 808 3036 2,
829 2996 872 3030 35
896 2994 1083 3030 nonnullis
1117 2994 1237 3029 verbis
1269 2993 1437 3029 mutatis.
1489 2993 1612 3029 Verba
1641 2993 1693 3028 ‘et
1724 2996 1810 3039 post
1841 2992 2004 3037 plurima
2040 2990 2295 3028 ecclesiastica

478 3111 503 3153 ¹)
530 3109 632 3144 Sav.²
657 3111 803 3154 11‚298;
829 3114 957 3146 Conrat
982 3115 1007 3152 Ι,
1028 3112 1105 3146 262.

358 3216 385 3248 F
477 3169 586 3247 2ὲὲῗᾶ
613 3171 769 3213 Angelus
798 3172 912 3203 Maius
949 3172 983 3203 in
1021 3171 1204 3214 spicilegio
1240 3173 1397 3204 Romano
1432 3172 1491 3213 IX,
1517 3170 1561 3203 59
1579 3182 1644 3213 sq.;
1682 3171 1838 3204 libellum
1875 3170 1981 3202 habet
2016 3169 2120 3202 etiam
2151 3168 2295 3223 Zeumer

388 3226 469 3248 orm.
589 3243 595 3248 .

477 3261 503 3303 ³)
530 3262 657 3294 Conrat
685 3262 806 3302 1‚‘2G3.

364 3364 430 3397 175
455 3319 633 3408 e‡)lc}3123estpl
656 3318 1001 3353 Schwenkenbacher
1026 3326 1059 3354 et
1081 3322 1212 3354 Saekur
1239 3322 1419 3354 ediderunt
1438 3323 1482 3353 M.
1503 3322 1542 3353 G.
1563 3320 1687 3353 Libelli
1713 3321 1753 3352 de
1778 3320 1837 3352 lite
1863 3321 1905 3361 11,
1927 3317 1991 3352 173
2009 3329 2058 3360 sq.
2083 3318 2143 3350 cfr.
2170 3316 2294 3350 ibidem
