2485 3615
1201 104 1469 145 —CIV—c-

484 210 537 248 Ex
561 210 753 249 Breviario
785 213 875 258 quid
905 213 1129 259 sumpserint
1162 213 1265 257 leges
1294 212 1488 247 nationum
1512 211 1831 255 Germanicarum,
1866 225 1977 259 supra
2011 226 2044 259 p.
2067 209 2131 248 LX
2162 214 2292 260 paucis

373 271 675 318 significavimus.
695 293 736 297 —
757 271 1049 307 Consultationis
1074 270 1209 306 veteris
1233 270 1311 305 iure
1338 269 1509 312 consulti,
1535 281 1646 314 quam
1672 271 1719 306 ab
1738 272 1848 307 Ivone
1873 272 1911 306 in
1936 272 2083 308 decreto
2109 274 2154 315 (1,
2169 271 2201 313 8,
2214 274 2247 314 4,
2261 273 2295 317 3)

370 332 588 375 usurpatam
630 329 802 364 Cuiacius
840 328 958 364 edidit
999 340 1031 363 a.
1066 329 1154 363 1577
1191 339 1236 363 ex
1273 327 1399 362 codice
1436 327 1547 363 hodie
1588 327 1781 373 deperdito
1819 329 1888 371 (ed.
1920 329 2087 375 Krueger
2124 329 2297 365 collectio

368 387 546 423 librorum
580 386 753 422 anteiust.
782 386 852 420 vol.
870 386 891 420 3
917 397 952 430 p.
974 385 1070 428 179),
1104 387 1292 420 auctorem
1325 397 1432 420 usum
1459 384 1649 420 codicibus
1675 385 1900 432 Gregoriano
1932 389 1971 422 et
2000 386 2296 433 Hermogeniano

368 445 533 489 itemque
551 444 659 479 Pauli
684 441 878 478 sententiis
903 441 1060 487 integris
1085 441 1177 477 item
1194 442 1454 478 Theodosiano
1480 442 1626 488 integro
1651 455 1758 478 usum
1782 455 1860 480 esse
1878 443 1943 489 qui
1969 445 2133 485 credunt,
2160 447 2295 480 errant.

367 503 465 537 Nam
499 514 572 537 non
602 501 720 536 solum
751 512 845 544 quae
880 499 965 534 inde
997 499 1106 535 affert
1143 501 1172 541 1,
1188 500 1219 541 2,
1238 501 1257 534 7
1293 521 1334 527 -
1373 501 1401 543 1,
1419 501 1490 542 4‚3
1526 521 1570 525 —
1602 500 1633 542 2,
1652 501 1683 542 9,
1703 501 1724 535 3
1758 521 1801 526 -
1833 502 1976 544 2,12,2
2009 523 2053 527 -
2083 503 2223 544 2,12,3
2251 523 2297 527 -

367 559 399 603 2,
420 560 471 601 12,
489 560 512 593 4
536 578 580 583 -
605 559 705 602 2,16,
724 557 745 591 3
771 577 813 582 -
839 557 869 598 8,
891 558 942 598 12,
964 558 979 591 1
1000 558 1117 602 (mut.)
1144 578 1187 583 ——
1212 558 1243 600 8,
1266 558 1318 603 18,
1337 559 1356 592 7
1384 578 1426 583 —
1451 558 1483 600 9,
1504 559 1533 599 1,
1554 558 1606 599 18,
1634 557 1758 594 omnia
1781 559 1915 595 adsunt
1938 559 1977 594 in
1995 559 2161 605 epitoma
2177 559 2296 595 Alari-

369 616 486 658 ciana,
513 616 577 650 sed
601 617 699 650 errat
725 613 840 650 etiam
865 613 1017 650 libellus
1043 626 1127 650 cum
1151 615 1283 650 horum
1309 615 1477 651 codicum
1501 619 1608 660 parte
1633 615 1772 660 aliqua,
1797 618 1840 651 ut
1864 616 1965 658 8,18,
1981 618 2000 651 7
2018 616 2214 663 inscriptio
2239 620 2297 653 031

367 685 439 708 000
456 672 635 707 Arcadius
661 675 692 706 et
713 671 914 715 Horam-ius,
937 672 1001 707 sed
1024 675 1066 708 ut
1091 672 1129 707 in
1148 673 1298 708 PMLS
1319 674 1508 709 Honorius
1532 678 1564 708 et
1581 673 1770 717 Arcadius,
1795 673 1887 711 item
1911 675 2050 716 9,1,18
2075 686 2142 720 pro
2165 674 2296 719 discep-

367 730 496 764 tationi
527 732 582 764 est
615 728 827 763 discussioni
860 729 950 764 item
984 732 1027 765 ut
1057 730 1095 765 in
1125 730 1277 766 PMLS.
1335 732 1466 776 Itaque
1499 731 1589 766 iuris
1623 730 1766 777 peritus
1798 731 1846 774 is,
1880 731 1944 776 qui
1976 732 2295 768 Consultationem

365 786 529 832 scripsit,
564 785 813 821 Theodosiani
844 787 1053 832 exemplum
1084 787 1259 824 adhibuit
1289 788 1366 823 tale
1396 788 1488 829 fere,
1522 787 1651 832 qualia
1683 790 1768 823 sunt
1793 787 1933 824 ordinis
1957 788 2076 824 nostri
2101 788 2295 825 deterioris

366 843 635 889 antiquissima.
668 863 712 868 —
745 843 787 878 In
820 843 988 879 formulis
1015 844 1168 880 Gallicis
1199 857 1295 890 quae
1326 846 1562 891 reperiuntur
1593 847 1744 890 sumpta
1777 857 1821 881 ex
1845 845 2052 888 Breviario,
2084 846 2295 892 composuit

365 902 515 937 Zeumer
542 901 661 944 (form.
686 901 742 936 ed.
767 913 802 946 p.
823 901 915 944 142).
948 922 993 927 -
1025 902 1159 937 Clerici
1191 915 1258 948 per
1288 903 1451 938 medium
1481 915 1614 939 aevum
1645 915 1728 938 cum
1760 902 1884 938 ubivis
1914 903 1990 939 fere
2015 902 2186 940 viverent
2217 903 2295 939 1010

364 959 546 999 Romano,
578 962 754 1004 excerpta
787 970 831 994 ex
855 959 1048 996 Breviario
1074 960 1310 1005 potissimum
1342 960 1578 1006 reperiuntur
1609 961 1646 995 in
1677 960 1767 996 iuris
1793 960 1963 996 canonici
1996 960 2102 996 libris
2127 959 2295 997 Gallicis.

363 1016 417 1050 Ex
443 1016 501 1051 his
525 1016 792 1052 Hincmariana
817 1029 929 1062 supra
954 1030 990 1062 p.
1007 1018 1197 1053 LXXXIX
1229 1018 1392 1054 tractavi
1422 1021 1555 1064 utpote
1586 1019 1752 1064 proxime
1782 1018 1983 1054 coniuncta
2014 1030 2098 1054 0010
2126 1019 2296 1055 auctario

364 1073 548 1110 Breviarii
573 1086 627 1116 eo,
653 1074 697 1110 de
715 1086 788 1119 quo
813 1074 867 1110 ibi
891 1077 1018 1110 actum
1044 1078 1109 1117 est,
1136 1087 1363 1121 quamquam
1388 1075 1472 1121 ipsa
1497 1076 1609 1111 crisin
1630 1087 1703 1111 non
1724 1076 1846 1122 magis
1870 1076 2003 1112 iuvant
2020 1088 2134 1121 quam
2148 1075 2295 1121 reliqua

364 1143 407 1166 ex
433 1131 625 1167 Breviario
657 1134 842 1177 excerpta.
869 1152 911 1158 -—
938 1132 1081 1168 Ibidem
1106 1132 1301 1179 tetigimus
1332 1136 1509 1179 excerpta
1541 1133 1681 1169 similia
1711 1145 1733 1169 a
1757 1134 1961 1169 Benedieto
1987 1132 2120 1169 Levita
2144 1136 2295 1179 sumpta

363 1201 407 1224 ex
433 1189 707 1232 Theodosiano,
739 1201 825 1226 vera
855 1189 997 1236 origine
1024 1190 1163 1235 passim
1189 1191 1290 1226 mala
1313 1191 1444 1226 fraude
1470 1191 1602 1227 celata.
1628 1212 1671 1217 —
1699 1191 1836 1227 Contra
1860 1191 1928 1226 sub
1957 1191 2055 1227 veris
2079 1191 2295 1227 auctoribus

363 1246 565 1282 laudantur
581 1259 676 1292 quae
701 1259 744 1282 ex
760 1246 952 1283 Breviario
979 1248 1196 1284 adferuntur
1220 1248 1260 1283 in
1276 1248 1479 1294 Reginonis
1504 1248 1655 1284 abbatis
1672 1247 1897 1284 Prumiensis
1917 1251 1952 1292 (†
1969 1249 2052 1292 914)
2077 1247 2184 1284 libris
2208 1249 2295 1284 duo-

362 1305 432 1339 bus
458 1305 501 1340 de
529 1305 649 1340 causis
675 1305 915 1350 synodalibus
945 1308 983 1341 et
1008 1305 1217 1352 disciplinis
1242 1305 1508 1342 ecclesiasticis
1535 1307 1594 1349 (cf.
1621 1306 1759 1341 Conrat
1785 1305 1936 1350 Quelle‘n
1960 1307 1990 1349 1,
2015 1319 2050 1352 p.
2067 1306 2159 1349 258),
2185 1319 2295 1352 quem

363 1361 545 1407 expilavit
573 1363 810 1398 Burchardus
840 1364 874 1408 (†
899 1363 1001 1408 1022)
1033 1363 1229 1408 episcopus
1254 1363 1540 1399 Wormatiensis
1571 1363 1723 1408 (Conrat
1754 1364 1778 1398 1.
1805 1375 1834 1399 0.
1857 1376 1893 1409 p.
1919 1364 2013 1409 261).
2046 1385 2093 1391 —
2125 1364 2295 1410 Denique

363 1431 458 1464 quae
484 1421 530 1455 ad
555 1419 612 1455 ius
629 1420 835 1455 Romanum
854 1421 1083 1466 pertinentia
1108 1433 1131 1456 a
1155 1422 1304 1457 saeculo
1329 1424 1433 1457 sexto
1460 1422 1507 1457 ad
1532 1421 1716 1456 decimum
1742 1433 1786 1457 ex
1803 1421 1929 1457 Gallia
1951 1421 2194 1458 innotuerunt
2209 1425 2294 1467 post

362 1477 580 1524 Savignium
606 1477 806 1524 diligenter
831 1478 989 1514 collecta
1015 1490 1036 1514 a
1057 1478 1217 1514 Com-ato
1235 1478 1399 1523 (Quellen
1419 1480 1448 1521 1,
1468 1479 1611 1523 1—30),
1638 1490 1763 1515 eorum
1789 1479 1900 1526 longe
1925 1480 2103 1525 pleraque
2129 1480 2294 1525 pendent

362 1547 406 1571 ex
432 1535 622 1570 Breviario
648 1547 782 1580 neque,
817 1535 847 1570 si
872 1535 1009 1572 Iuliani
1033 1537 1202 1572 novellas
1228 1537 1434 1583 exceperis,
1469 1537 1526 1572 ius
1551 1536 1798 1572 Iustinianum
1830 1536 1885 1572 ibi
1915 1549 1982 1583 per
2006 1538 2100 1573 haec
2124 1539 2294 1582 tempora

361 1592 551 1628 invenitur
574 1593 786 1628 adhibitum
812 1605 900 1629 esse.

475 1650 504 1684 E
530 1649 714 1685 contrario
739 1649 892 1686 litterae
918 1651 1092 1693 Italicae,
1118 1663 1191 1687 non
1216 1653 1334 1687 solum
1359 1652 1635 1698 provinciarum
1659 1652 1944 1697 Byzantiarum,
1976 1652 2040 1687 sed
2072 1651 2188 1687 etiam
2212 1664 2293 1698 par-

363 1707 459 1742 tium
477 1707 842 1753 Langobardicarum
860 1708 1161 1744 Theodosianum
1176 1712 1371 1755 totumque
1388 1709 1621 1747 Breviarium
1642 1710 1818 1757 ignorant
1842 1710 1999 1756 ipsaque
2023 1721 2178 1755 corpora
2202 1709 2293 1745 iuris

361 1764 608 1800 ecclesiastici
634 1764 688 1799 ibi
714 1764 939 1810 conscripta,
973 1768 1015 1800 ut
1041 1766 1213 1802 collectio
1237 1768 1412 1803 Ansehno
1437 1767 1612 1804 dedicata
1636 1779 1732 1804 saec.
1750 1768 1801 1802 IX
1828 1770 1866 1803 01
1891 1779 1984 1812 quas
2009 1770 2294 1813 composuerunt

360 1833 454 1857 saec.
471 1822 523 1856 XI
541 1824 697 1857 exeunte
714 1822 910 1857 Anselmus
927 1823 1126 1869 episcopus
1143 1824 1312 1860 Lucanus
1338 1827 1375 1860 et
1394 1825 1594 1861 cardinalis
1610 1825 1816 1862 Deusdedit
1833 1825 2002 1871 syllogae
2020 1836 2115 1869 quae
2133 1824 2293 1860 afferunt

360 1891 403 1914 011
435 1879 512 1915 1010
538 1878 721 1921 Romano,
753 1880 878 1915 omnia
911 1884 996 1916 sunt
1022 1881 1248 1925 Iustiniana,
1282 1883 1498 1928 somniaque
1523 1883 1760 1929 Fittingiana
1785 1882 2002 1928 (Zeitsehffist
2033 1882 2097 1917 der
2120 1882 2291 1928 Sam'yny-

359 1936 543 1983 Stistun9,
572 1941 657 1973 rom.
676 1938 779 1973 Abth.
806 1938 838 1980 9,
857 1938 941 1978 376)
973 1951 1061 1975 sano
1092 1940 1230 1976 iudicio
1263 1941 1400 1977 000101
1432 1941 1593 1986 (Qu-allen
1626 1941 1729 1983 1,93.
1754 1941 1837 1986 368)
1868 1940 2060 1977 refutavit.
2113 1940 2292 1977 Attamen

359 1994 420 2038 (cf.
449 1994 587 2030 Conrat
612 1995 635 2029 1.
655 2007 684 2030 c.
711 2007 744 2040 p.
763 1996 819 2031 47.
843 1996 928 2040 276)
952 1996 1136 2032 Breviarii
1167 1998 1313 2034 codices
1344 2011 1416 2034 non
1446 1999 1592 2034 omnino
1626 1999 1786 2035 defuisse
1820 1998 1859 2033 in
1890 1997 2132 2047 bibliothecis
2156 1998 2292 2034 Italiae

358 2052 558 2098 superioris
585 2055 700 2088 testes
725 2056 812 2088 sunt
838 2054 1040 2098 Gothanis)
1068 2056 1294 2101 archetypus
1320 2057 1482 2102 scriptus
1507 2056 1687 2092 Foroiulii
1713 2058 1762 2102 (p.
1781 2056 1931 2101 LXXII)
1956 2060 1994 2092 et
2020 2055 2108 2091 libri
2132 2056 2205 2091 duo
2229 2056 2291 2091 ad-

358 2110 430 2145 huc
455 2110 594 2146 servati
620 2110 658 2145 in
685 2111 913 2147 bibliotheca
941 2112 1142 2158 capitulari
1168 2114 1423 2159 Eporediensi;
1458 2114 1616 2159 denique
1642 2126 1685 2149 ex
1712 2126 1854 2150 30101110
1878 2113 2090 2160 Aegidiana
2115 2116 2291 2160 excerpta

358 2170 506 2212 reperta
531 2171 615 2204 sunt
642 2167 680 2203 in
707 2168 844 2203 codicis
862 2169 1059 2205 Iustiniani
1085 2172 1361 2216 exemplaribus
1386 2171 1655 2217 antiquissimis
1673 2172 1854 2218 (Krueger
1870 2172 1919 2207 ad
1937 2172 2016 2207 cod.
2035 2172 2124 2207 Iust.
2142 2171 2174 2214 3,
2191 2172 2243 2214 12,
2255 2173 2292 2217 4)

358 2228 396 2260 et
422 2224 539 2261 mixta
565 2225 780 2262 Iustinianis
806 2226 843 2261 in
869 2227 976 2262 libris
1001 2228 1270 2264 Holkhamensi
1296 2231 1345 2276 (p.
1365 2229 1424 2275 01)
1451 2233 1489 2267 01
1515 2229 1734 2265 Taurineusi
1761 2230 1810 2274 (p.
1829 2229 1940 2274 CIII).

761 2371 814 2414 V.
856 2372 1022 2414 LIBRI
1051 2372 1361 2416 LATENTES
1393 2372 1510 2415 VEL
1542 2372 1883 2415 DEPERDITI.

471 2462 728 2508 ‘Augustensis
763 2463 1028 2500 bibliothecae’
1060 2465 1189 2507 codex,
1223 2478 1333 2510 quem
1367 2465 1626 2512 Sigismundus
1659 2466 1831 2512 Ilsungus
1865 2477 1949 2500 cum
1982 2464 2162 2501 Sichardo
2195 2477 2289 2501 com-

361 2520 579 2562 municavit,
607 2520 695 2556 huic
721 2533 764 2557 ea
789 2522 1043 2567 suppeditarit
1066 2535 1213 2559 necesse
1240 2526 1306 2566 est,
1331 2536 1427 2568 quae
1453 2524 1568 2560 editio
1593 2536 1637 2559 ea
1661 2523 1813 2569 propria
1836 2523 1954 2559 habet
1975 2535 2049 2559 non
2071 2523 2226 2559 inventa
2250 2523 2289 2558 in

357 2577 463 2612 libris
495 2577 616 2612 tribus
649 2578 802 2623 reliquis
835 2579 882 2614 ab
915 2580 1044 2615 eodem
1079 2580 1261 2616 adhibitis
1292 2581 1598 2627 Argentoratensi
1630 2581 1739 2617 hodie
1767 2581 1961 2623 Rei-nemsi,
1993 2580 2288 2627 Mogontiacensi

355 2634 466 2670 hodie
491 2634 673 2676 Gothano,
699 2636 944 2679 Mur-bacensi,
971 2637 1074 2672 cuius
1100 2640 1268 2683 superest
1292 2639 1551 2684 apographum
1575 2639 1924 2675 Amerbachianum.
1965 2639 2037 2675 Sed
2062 2639 2100 2674 in
2125 2638 2288 2674 editione

355 2692 450 2727 talia
476 2696 576 2728 certo
601 2705 674 2728 1100
699 2693 990 2739 distinguuntur.
1032 2695 1168 2730 Contra
1194 2695 1314 2730 codici
1339 2696 1384 2737 ei,
1411 2708 1518 2740 quem
1546 2696 1694 2742 accepit
1720 2697 1931 2739 sichardus,
1958 2709 2041 2732 cum
2065 2696 2182 2732 editio
2207 2707 2287 2741 per-

357 2750 517 2785 venisset
542 2750 590 2785 ad
615 2751 645 2793 2,
663 2751 714 2793 10,
729 2752 760 2791 5,
787 2751 824 2785 10
850 2751 939 2787 folio
965 2754 1130 2788 extremo
1154 2753 1374 2789 nominatim
1401 2755 1510 2799 plura
1535 2757 1694 2800 accepta
1717 2755 1852 2799 [resert‚
1879 2767 1923 2790 ex
1949 2754 2085 2799 quibus
2109 2754 2180 2789 hoc
2205 2754 2287 2789 loco

356 2819 399 2842 ea
423 2809 601 2853 repetam,
629 2820 724 2852 quae
750 2809 864 2844 codex
888 2809 1005 2846 habet
1028 2813 1094 2846 aut
1117 2810 1187 2845 sibi
1212 2812 1363 2857 propria
1386 2815 1462 2854 0111,
1488 2812 1553 2848 ubi
1573 2812 1707 2857 reliqui
1725 2811 1909 2854 differunt,
1936 2824 2019 2847 cum
2036 2814 2144 2857 parte
2161 2822 2286 2847 eorum

356 2865 626 2901 consentientia
637 2879 644 2900 :

450 2935 478 2976 1,
493 2934 525 2976 2,
540 2935 603 2976 5,1
676 2939 802 2971 nostro
827 2936 1115 2983 praeiudicium]
1143 2938 1258 2973 nostri
1283 2938 1505 2983 praeiudicii

584 2992 605 3026 2
675 2993 895 3039 remittitur]
921 2994 1115 3030 emittetur

563 3049 629 3090 Ο,5
677 3050 855 3095 firmatur]
884 3052 1120 3088 confirmatur

679 3108 841 3154 scriptis]
870 3121 914 3144 ex
939 3109 1088 3155 scriptis

450 3049 478 3090 1,
493 3049 524 3090 2,
542 3050 558 3084 1

450 3107 479 3147 1,
494 3106 525 3148 3,
542 3108 558 3141 1

450 3165 478 3205 1,
494 3166 524 3206 5,
540 3164 561 3200 3
679 3166 835 3211 negotii]
863 3167 1028 3213 negociis
1054 3181 1128 3202 cum
1147 3169 1176 3202 L

565 3107 607 3148 ‚3

563 3192 570 3207 ,
587 3164 608 3199 3

476 3280 500 3321 ¹)
526 3281 578 3313 Ex
595 3282 753 3316 Gothano
778 3284 892 3316 adlata
915 3284 1029 3327 glossa
1054 3286 1096 3318 ad
1121 3284 1222 3327 221,
1238 3286 1267 3326 1,
1283 3285 1317 3319 4:
1344 3287 1601 3320 emolumentum
1628 3311 1636 3320 .
1655 3313 1661 3320 .
1681 3313 1687 3320 .
1715 3286 1844 3320 laboris
1868 3291 1919 3319 est
1942 3285 2024 3319 item
2047 3290 2133 3319 teste
2150 3285 2284 3319 Patetta

357 3326 392 3357 in
417 3327 531 3359 codice
556 3329 763 3362 Taurinensi
787 3330 929 3373 originis
954 3331 1092 3365 Italicae
1119 3331 1162 3375 (p.
1183 3333 1285 3374 CIII).

2476 1349 2485 1395 -3

2476 1437 2485 1466 Ἰ

2452 1482 2485 2698 ,i

2446 2694 2478 2873 Ξ

2440 3050 2471 3103 (ἰ,

2446 3111 2473 3143 ξ’,

2444 3261 2458 3282 ’5
2472 3278 2473 3282 ,

2469 3294 2475 3306 i
