2501 3615
951 134 994 138 -
1044 113 1164 147 XXXI
1212 132 1255 138 —

258 222 363 267 Ipsas
389 217 673 256 constitutiones
699 216 902 262 imperator
927 216 1014 262 poni
1040 216 1149 252 iussit
1173 214 1323 251 reiectis
1349 213 1562 255 inutilibus,
1598 216 1640 249 ut
1669 214 1749 249 sola
1777 214 1889 249 verba
1915 213 2067 260 disposi-

144 279 226 315 tiva
251 279 497 317 remanerent;
524 275 700 321 ambigua
725 277 761 310 et
789 275 944 310 obscura
969 274 998 309 si
1017 286 1090 319 qua
1116 273 1375 319 reperirentur,
1401 283 1444 308 ea
1466 271 1742 307 elucidarentur
1766 274 1804 307 et
1829 273 2069 307 mutarentur.

143 337 318 383 Syllogae
349 335 577 371 ordinatores
613 332 821 378 significare
857 333 977 368 solent
1014 332 1171 368 formula
1201 335 1283 376 post
1319 331 1413 373 alia,
1450 332 1644 375 praeterea
1676 341 1748 364 uno
1786 329 1868 364 loco
1901 330 1945 373 (2,
1968 329 2018 370 10,
2038 330 2071 373 6)

143 394 262 430 altera
292 394 381 427 inter
405 396 517 426 cetera
547 395 579 425 et
604 391 653 424 ad
684 391 797 425 Iocum
829 390 963 425 omissa
997 402 1073 425 esse
1101 389 1177 424 alia
1203 392 1289 424 ante
1316 388 1428 424 verba
1452 388 1590 431 relata,
1623 386 1758 423 omissa
1784 386 1821 421 in
1847 387 1916 422 fine
1943 386 2073 421 addita

144 451 301 487 formula
327 454 358 485 et
383 454 505 485 cetera.
555 449 755 484 Praeterea
780 448 962 493 quomodo
995 447 1032 482 in
1066 459 1110 483 ea
1140 459 1178 481 re
1207 446 1343 482 versati
1376 445 1465 487 sint,
1497 457 1627 490 parum
1653 444 1788 488 liquet,
1821 456 1904 479 cum
1934 455 2072 489 paucas

147 511 294 544 tantum
329 506 613 543 constitutiones
645 507 850 542 habeamus
881 508 947 541 aut-
984 507 1132 550 praetor
1163 504 1461 540 'l'heodosianum
1495 503 1587 538 alibi
1624 502 1785 538 traditas
1820 503 1886 537 aut
1919 501 1957 536 in
1992 501 2073 546 ipso

144 566 368 613 geminatas:
386 576 480 610 quae
500 564 543 599 de
562 564 620 598 his
638 564 867 599 observanda
885 565 979 604 sunt,
999 562 1093 597 infra
1112 561 1400 607 explicabuntur
1422 561 1459 596 in
1478 560 1603 606 capite
1621 562 1754 595 octavo
1773 559 1819 595 de
1835 561 1958 594 textus
1976 558 2072 593 crisi.

260 622 539 658 Theodosi-anus
565 622 764 657 secundum
796 620 1026 666 propositum
1059 619 1294 664 imperatoris
1327 618 1562 654 enuntiatum
1594 617 1630 652 in
1662 617 1783 663 prima
1815 617 1882 652 illa
1913 615 2073 651 iussione

145 693 178 717 a.
195 681 262 716 429
288 680 373 715 tolli
403 679 532 716 debuit
567 692 637 714 una
670 691 752 714 cuni
778 677 1004 723 Gregoriano
1030 680 1068 712 et
1094 676 1390 722 Hermogeni-ano
1417 675 1621 711 substituto
1654 686 1749 710 novo
1775 674 1872 710 solas
1905 674 2006 719 leges
2037 673 2075 707 in

145 751 212 773 usu
237 740 402 774 retentas
429 737 675 782 complexuro.
718 735 788 771 Sed
815 734 851 769 id
878 733 1109 779 propositum
1127 733 1356 769 Theodosius
1382 733 1461 778 ipse
1488 744 1560 768 non
1587 732 1733 767 videtur
1757 730 1965 773 retinuisse,
1992 742 2076 765 cuin

148 795 186 830 in
213 794 544 831 constitutionibus
570 806 601 828 a.
618 794 685 828 435
711 796 746 828 et
772 792 841 827 438
867 790 945 827 eius
970 790 1109 826 mentio
1135 791 1238 826 nulla
1262 790 1338 825 fiat.
1388 790 1622 831 Publicatus,
1648 792 1690 824 ut
1716 788 1884 830 diximus,
1911 787 2076 823 Theodo-

145 852 270 888 sianus
295 852 333 887 in
358 852 529 898 partibus
561 854 637 886 tam
664 849 826 886 Orientis
851 861 961 893 quam
990 848 1203 885 Occidentis
1234 860 1266 883 a.
1283 848 1351 882 438
1382 848 1504 882 locum
1537 858 1642 881 suum
1675 845 1831 882 retinuit
1862 845 1899 880 in
1925 844 2076 880 Oriente

145 922 260 956 usque
287 911 334 946 ad
360 922 392 945 a.
412 910 494 951 529,
528 920 600 953 quo
627 907 853 943 Iustinianus
884 907 1043 942 alterum
1074 906 1168 941 illud
1193 905 1385 951 inceptum
1411 907 1588 941 executus
1617 903 1809 950 abrogatis
1841 903 1961 938 tribus
1993 914 2076 937 con-

145 968 383 1004 stitutionum
417 966 571 1012 syllogis
597 965 763 1010 antiquis
787 976 891 999 suam
924 962 1130 999 substituit.
1181 964 1239 998 Ita
1265 961 1426 998 Orientis
1459 962 1659 1007 prudentes
1685 960 1982 997 Theodosianum
2011 971 2077 1005 per

146 1027 256 1062 breve
283 1028 430 1061 tantum
457 1027 604 1068 tempus
631 1023 918 1067 usurpaverunt,
952 1023 989 1055 et
1018 1019 1071 1055 ibi
1106 1031 1260 1065 corpora
1290 1018 1379 1054 iuris
1413 1031 1434 1054 a
1459 1019 1570 1065 longo
1595 1018 1687 1063 finde
1720 1020 1886 1063 tempore
1911 1018 2076 1053 tractata

146 1083 303 1129 Ulpiani
327 1085 366 1118 et
390 1079 590 1126 Papiniani
617 1081 654 1116 et
680 1078 948 1125 Gregorianum
973 1077 1255 1113 Theodosianus
1280 1088 1398 1121 neque
1432 1075 1469 1111 in
1496 1088 1563 1111 usu
1594 1074 1730 1111 forensi
1756 1075 1933 1120 aequavit
1958 1086 2076 1119 neque

146 1141 183 1176 in
208 1140 356 1176 scholis
406 1139 502 1174 Nam
527 1137 564 1172 in
591 1136 765 1183 operibus
791 1135 1031 1182 prudentium
1054 1135 1319 1180 Byzantiorum
1346 1134 1551 1170 Iustiniano
1577 1132 1851 1178 antiquioribus
1881 1145 1964 1168 cum
1997 1133 2077 1168 sub-

145 1199 228 1234 inde
253 1196 492 1233 inveniantur
517 1193 800 1240 explanationes
825 1193 949 1239 legum
982 1193 1028 1228 ab
1054 1192 1101 1227 iis
1126 1191 1398 1233 adhibitarum,
1425 1190 1703 1227 Theodosianus
1733 1189 1955 1226 nominatim
1979 1190 2078 1235 quod

145 1255 260 1292 sciam
291 1267 365 1290 non
397 1253 539 1290 citatur
562 1252 634 1288 nisi
659 1251 697 1287 in
723 1251 874 1287 scholiis
900 1250 1091 1286 Sinaiticis
1117 1252 1161 1293 (c.
1182 1251 1210 1284 1.
1230 1251 1265 1293 2)
1293 1252 1331 1286 et
1362 1250 1516 1285 fortasse
1542 1249 1643 1295 apud
1669 1248 1909 1284 Laurentium
1935 1248 2078 1293 Lydum

147 1314 191 1349 de
215 1325 314 1360 mag.
332 1313 363 1354 2,
380 1312 422 1348 10
442 1327 483 1341 =
502 1311 532 1353 3,
547 1311 592 1346 23
611 1326 652 1340 =
670 1311 702 1352 3,
716 1310 779 1351 40,
813 1321 899 1344 nam
929 1307 1148 1344 constitutio
1179 1307 1330 1343 Arcadii
1361 1319 1473 1352 quam
1505 1306 1600 1342 citat
1630 1307 1790 1342 relatam
1824 1306 1863 1341 ἐν
1887 1307 1937 1351 τῷ
1966 1305 2078 1339 πάλαι,

147 1371 385 1417 Θεοδοσιανῷ,
411 1369 584 1405 omissam
608 1369 734 1404 autem
760 1367 799 1401 ἐν
825 1368 874 1414 τῷ
899 1368 1028 1413 νεαρῷ,
1055 1366 1203 1402 videtur
1227 1377 1304 1401 esse
1331 1365 1399 1400 Th.
1418 1365 1449 1407 8,
1465 1367 1496 1407 5,
1511 1366 1554 1399 35
1581 1376 1665 1401 vere
1691 1364 1872 1406 Gratiani,
1898 1363 1970 1398 nisi
1996 1365 2079 1398 tota

146 1441 169 1464 a
193 1428 296 1474 Lydo
321 1427 489 1474 allegata
513 1424 732 1461 constitutio
758 1424 897 1460 ficticia
922 1426 978 1460 est
1008 1426 1051 1459 ut
1083 1423 1160 1459 alia
1184 1423 1304 1458 multa
1330 1422 1431 1468 apud
1456 1434 1540 1458 eum
1566 1424 1755 1458 auctorem
1780 1423 1818 1456 et
1842 1422 1998 1457 fortasse
2023 1419 2079 1455 ibi

146 1487 316 1528 maxime,
342 1485 407 1521 ubi
431 1487 562 1520 auctor
586 1486 765 1530 provocat
791 1483 838 1518 ad
863 1483 964 1529 leges
990 1494 1085 1527 quae
1111 1482 1269 1518 fuerunt.
1312 1482 1405 1517 Item
1430 1492 1580 1526 perraro
1598 1480 1800 1526 prudentes
1819 1479 2078 1515 Constantino-

147 1543 306 1590 politani
341 1542 570 1587 antiquiores
602 1541 828 1577 mentionem
863 1540 1010 1576 faciunt
1043 1539 1354 1575 constitutionum
1390 1551 1433 1574 ex
1464 1537 1721 1574 'l'heodosiano
1755 1538 2003 1582 sumptarum‚
2038 1538 2080 1571 ut

147 1601 332 1637 Patricius
357 1601 484 1646 (schol.
504 1601 586 1635 Bas.
605 1599 660 1642 23,
678 1601 706 1642 1,
723 1600 780 1644 60)
804 1598 974 1635 meminit
1000 1597 1278 1633 constitutionis
1304 1609 1336 1632 a.
1354 1596 1422 1632 408
1448 1597 1550 1640 (lust.
1569 1596 1600 1638 2,
1614 1597 1670 1638 42,
1689 1596 1757 1639 16).
1804 1594 1957 1630 Codices
1982 1592 2080 1629 deni-

148 1671 219 1704 que
244 1658 376 1704 scripti
401 1658 565 1704 corporis
589 1657 699 1692 huius
724 1656 818 1692 nulli
843 1656 1084 1691 innotuerunt
1109 1655 1288 1701 originem
1314 1654 1506 1690 trahentes
1532 1665 1575 1689 ex
1601 1652 1764 1688 Oriente.

263 1717 315 1752 Ut
339 1717 451 1752 breve
477 1715 515 1750 in
533 1716 682 1751 Oriente
708 1715 781 1750 fuit
807 1727 961 1761 regnum
977 1713 1240 1755 Theodosiani,
1268 1712 1324 1748 ita
1343 1712 1557 1747 diuturnum
1575 1710 1613 1745 in
1631 1710 1843 1746 Occidente.
1886 1710 1927 1743 In
1945 1708 2080 1744 Italiae

149 1787 237 1811 sane
266 1776 375 1821 parte
405 1773 544 1809 maiore
575 1785 642 1819 per
666 1772 912 1808 Iustinianum
939 1772 995 1807 ius
1021 1771 1218 1817 antiquum
1244 1770 1386 1816 pariter
1411 1772 1524 1814 atque
1551 1768 1590 1803 in
1616 1768 1766 1804 Oriente
1798 1767 1988 1802 sublatum
2013 1768 2078 1802 est.

148 1833 199 1869 At
222 1844 328 1879 reges
355 1831 545 1873 Germani,
577 1830 642 1876 qui
673 1833 759 1876 post
784 1830 973 1865 sublatum
999 1842 1031 1865 a.
1049 1830 1117 1864 476
1144 1827 1357 1864 Occidentis
1383 1826 1579 1872 imperium
1610 1825 1648 1860 in
1673 1825 1731 1860 his
1757 1824 1928 1871 partibus
1952 1835 2080 1869 regna-

148 1891 258 1932 bant,
289 1893 332 1926 ut
362 1890 562 1936 populares
587 1900 670 1924 suos
696 1900 760 1923 suo
786 1900 970 1933 quemque
994 1887 1090 1929 iure,
1123 1887 1179 1923 ita
1209 1886 1377 1921 homines
1402 1885 1587 1920 Romanos
1620 1882 1692 1918 sibi
1724 1881 1891 1918 subditos
1915 1881 2080 1916 Romano

150 1948 274 1985 vivere
299 1948 504 1984 voluerunt.
546 1947 640 1982 Sane
658 1945 908 1982 Theodericus
932 1945 967 1989 (†
985 1945 1064 1988 526)
1090 1944 1128 1979 111
1147 1943 1268 1985 Italia,
1296 1941 1565 1978 Recessuindus
1585 1940 1805 1985 (649—672)
1832 1939 1870 1974 in
1887 1937 2081 1983 Hispania,

149 2007 275 2053 legum
299 2005 490 2041 codicibus
509 2004 642 2040 Gothis
667 2006 705 2040 et
731 2002 906 2038 Romanis
931 2002 1187 2038 communibus
1211 2001 1333 2043 editis,
1358 2001 1564 2036 Romanum
1590 1999 1646 2034 ius
1672 1998 1916 2038 sustulerunt;
1942 1995 2005 2031 sed
2031 2006 2081 2030 re-

148 2063 286 2100 mansit
309 2063 349 2098 id
372 2061 605 2108 aliquamdiu
631 2061 668 2096 in
686 2061 869 2107 Hispania
895 2063 932 2096 et
957 2073 1024 2106 per
1040 2061 1153 2106 longa
1178 2059 1328 2095 saecula
1354 2070 1437 2093 cum
1462 2057 1500 2092 in
1519 2056 1633 2092 Italia
1651 2055 1977 2102 Langobardorum
2001 2054 2081 2087 tum

148 2121 369 2168 praesertim
392 2121 432 2156 in
449 2121 584 2163 Gallia,
611 2124 649 2157 et
674 2120 771 2156 inter
796 2119 886 2155 iuris
904 2118 1061 2155 Romani
1086 2119 1201 2154 libros
1226 2119 1425 2163 usurpatos
1451 2116 1488 2151 in
1506 2115 1633 2152 Gallia
1651 2115 1762 2159 longe
1781 2112 1942 2159 primum
1959 2111 2079 2146 locum

147 2179 323 2221 obtinuit,
348 2191 416 2225 per
431 2177 663 2214 Breviarium
687 2177 844 2219 scilicet,
870 2176 1166 2217 Theodosianus;
1196 2187 1280 2211 vere
1306 2174 1351 2210 de
1379 2186 1420 2210 eo
1442 2185 1537 2218 quae
1562 2173 1753 2213 habemus,
1779 2170 1934 2206 redeunt
1959 2167 2082 2203 omnia

147 2237 223 2273 fere
247 2237 296 2272 ad
320 2236 399 2272 eius
423 2248 490 2282 per
506 2235 650 2271 Gallias
675 2234 955 2280 usurpationem
980 2245 1047 2279 per
1066 2234 1218 2269 saecula
1243 2232 1512 2268 continuatam.
1558 2230 1629 2265 Sed
1647 2227 1883 2274 quaestiones
1907 2227 1979 2262 hae
2005 2226 2082 2261 late

147 2293 303 2330 diffusae
328 2296 367 2330 et
392 2293 611 2339 implicatae
636 2305 720 2329 cum
744 2304 865 2328 meam
889 2291 1121 2337 provinciam
1146 2290 1342 2331 excedant,
1369 2289 1468 2334 quod
1492 2288 1573 2334 ipse
1598 2289 1789 2333 praestare
1813 2296 1967 2329 nequeo,
1998 2295 2080 2328 sup-

148 2351 367 2398 peditarunt
396 2351 518 2387 amici.
567 2351 722 2387 Scilicet
752 2349 1006 2386 intercedente
1036 2348 1218 2385 Mitteisio
1244 2347 1417 2383 Alfredus
1434 2345 1660 2382 Wretschko
1691 2343 1876 2389 professor
1900 2340 2082 2385 Oenipon-

149 2411 260 2445 tanus
283 2408 500 2445 testimonia
524 2409 570 2445 de
593 2408 777 2445 Breviarii
802 2406 1008 2443 Alariciani
1033 2419 1101 2442 usu
1131 2419 1198 2452 per
1222 2404 1386 2442 medium
1411 2416 1545 2440 aevum
1570 2406 1608 2438 et
1632 2400 1768 2438 forensi
1794 2402 1832 2436 et
1857 2397 2081 2435 scholastico

149 2478 232 2503 mea
265 2478 378 2502 causa
407 2469 494 2512 post
523 2465 741 2513 Savignium
773 2467 812 2502 et
842 2464 1064 2501 Haenelium
1097 2464 1298 2511 diligenter
1330 2461 1555 2507 composuit,
1589 2463 1632 2496 ut
1666 2459 1704 2494 in
1729 2457 1947 2504 Appendice
1979 2467 2082 2501 prae-

149 2524 304 2560 fationis
327 2524 438 2560 huius
462 2525 648 2570 leguntur.

264 2582 316 2617 At
338 2581 400 2617 lex
416 2581 583 2617 Romana
598 2581 881 2628 Visigothorum
907 2579 995 2622 sive,
1020 2581 1063 2615 ut
1088 2581 1173 2625 post
1199 2577 1386 2614 Tilianam
1412 2577 1458 2619 (a.
1478 2576 1579 2620 1550)
1604 2572 1855 2611 Theodosiani
1879 2570 2083 2607 editionem

150 2639 261 2676 hodie
286 2639 408 2676 dicere
435 2638 705 2681 consuevimus,
732 2637 965 2674 Breviarium
989 2636 1131 2672 Alarici
1161 2648 1206 2672 ne
1236 2635 1298 2671 hic
1324 2635 1474 2680 quidem
1499 2636 1625 2680 potest
1650 2629 1846 2678 praeteriri
1855 2643 1862 2671 ;
1894 2641 1980 2664 nam
2011 2639 2083 2663 non

151 2698 270 2734 solum
293 2709 470 2744 magnam
489 2696 740 2732 Theodosiani
763 2698 910 2742 partem
936 2698 1002 2731 aut
1027 2707 1110 2730 cum
1135 2693 1266 2739 paucis
1291 2695 1358 2729 aut
1382 2693 1462 2728 sola
1486 2691 1662 2732 servavit,
1688 2689 1752 2726 sed
1776 2688 1890 2724 etiam
1916 2685 2085 2723 codicum

152 2754 402 2791 Theodosiani
432 2753 619 2790 enarratio
648 2756 727 2790 tam
756 2752 963 2790 necessario
988 2752 1085 2789 redit
1109 2752 1158 2787 ad
1184 2750 1366 2787 Breviarii
1398 2750 1527 2792 libros,
1562 2752 1606 2785 ut
1635 2749 1680 2783 de
1712 2746 1853 2792 origine
1884 2744 1962 2780 eius
1987 2755 2082 2788 quae

153 2813 415 2860 comperimus,
446 2812 509 2848 hic
541 2813 664 2848 locum
695 2811 767 2846 sibi
798 2810 1000 2856 postulent.
1049 2810 1102 2845 De
1133 2821 1178 2845 ea
1209 2821 1248 2845 re
1281 2821 1363 2844 cum
1388 2820 1510 2844 rerum
1540 2806 1738 2852 scriptores
1763 2805 1928 2843 taceant,
1960 2800 2083 2837 omnia

152 2883 197 2907 ea
223 2870 376 2906 veniunt
400 2883 444 2907 ex
469 2869 713 2916 praescriptis
738 2871 776 2905 et
799 2866 1021 2912 subscriptis
1046 2867 1207 2903 inventis
1232 2866 1270 2901 in
1296 2864 1581 2911 exemplaribus,
1608 2874 1703 2908 quae
1729 2864 1814 2897 sunt
1839 2861 1943 2896 haec.

497 2997 632 3040 BRE
640 2997 818 3040 VIARI
816 2997 848 3039 I
877 2995 1260 3038 ALARICIANI
1296 2987 1772 3034 PRAESCRIPTJO.

648 3074 691 3115 A
702 3071 1058 3116 VOTORITAS.
1118 3069 1152 3112 S
1158 3067 1240 3111 VB
1247 3069 1280 3111 S
1287 3066 1502 3111 GRIPTI
1503 3065 1583 3109 O.¹)

272 3155 315 3190 In
340 3152 564 3189 Alaricianis
593 3152 770 3198 quoniam
801 3151 946 3188 codices
976 3149 1133 3186 adhibui
1163 3160 1300 3195 magna
1330 3160 1373 3183 ex
1405 3148 1513 3193 parte
1543 3145 1707 3181 diversos
1735 3143 1783 3179 ab
1814 3141 2004 3188 usurpatis
2037 3142 2085 3178 ad

154 3212 420 3248 recensendum
444 3210 752 3253 Theodosianum‚
781 3210 941 3246 indicem
966 3207 1207 3255 praemittere
1234 3206 1352 3241 visum
1377 3208 1434 3241 est
1457 3205 1637 3240 librorum
1661 3202 1700 3237 in
1724 3202 1795 3237 hoc
1820 3200 1946 3246 capite
1969 3198 2083 3235 nomi-

277 3295 306 3336 ¹)
331 3294 402 3327 Sub
426 3295 490 3328 hoc
508 3295 608 3327 titulo
625 3305 715 3336 quae
731 3294 904 3337 leguntur,
929 3292 1180 3326 communicata
1203 3300 1280 3323 cum
1305 3289 1438 3332 collega
1461 3299 1536 3321 meo
1551 3286 1679 3320 Karolo
1696 3285 1840 3318 Zeumer
1856 3284 1937 3318 item
1954 3283 2083 3327 prodie-

156 3346 239 3376 runt
261 3340 418 3374 breviata
441 3342 478 3374 in
501 3341 649 3374 editione
674 3341 747 3374 eius
770 3341 886 3384 legum
904 3339 1159 3382 Visigothorum
1183 3348 1216 3380 p.
1233 3333 1438 3369 465—467.
