2485 3615
1161 188 1203 193 —
1252 166 1369 201 LXVI
1416 186 1461 191 —

348 283 383 317 p.
406 272 556 307 CXXXI
571 274 660 317 500.)
691 284 712 308 a
730 271 921 307 Willelmo
951 271 1131 306 monacho
1156 269 1478 306 Malmesburiensi
1509 269 1605 305 inter
1631 282 1662 305 a.
1683 270 1770 306 1125
1797 274 1835 306 et
1863 273 1950 307 1137
1975 273 2011 315 (1.
2031 284 2060 307 0.
2083 284 2117 317 p.
2137 270 2272 313 XXV„

348 329 493 365 scilicet
538 330 804 376 imperatorum
847 327 1342 373 Ccnstantinopolitanorum
1385 327 1496 363 series
1541 326 1623 363 finit
1669 327 1709 362 in
1749 329 1913 365 Iohanne
1952 327 2273 375 Porphyrogenito

348 387 619 430 <uls—1143),
646 388 911 423 Germanorum
936 386 974 420 in
998 385 1157 420 Hem-ico
1174 385 1207 419 V
1234 388 1268 428 (†
1289 385 1408 429 1125),
1440 396 1568 430 regum
1593 385 1924 431 Francogallorum
1955 387 1993 421 111
2020 386 2206 422 Ludovico
2223 385 2274 419 VI

349 445 615 489 (llos—11:37).
655 445 771 480 Abest
793 456 813 479 a
833 442 1090 478 Theodosiano
1108 442 1237 478 liberI
1263 446 1375 481 totus,
1400 443 1497 478 unde
1521 442 1657 487 reliqui
1675 443 1844 479 II—XVl
1870 444 1908 479 in
1932 445 2002 480 hoc
2029 444 2156 480 codice
2181 443 2275 480 facti

347 505 433 538 sunt-
451 494 599 542 I—XV;
626 504 819 547 praeterea
844 503 968 536 textus
993 512 1065 536 non
1091 500 1183 536 hiat.
1225 500 1340 536 Foliis
1364 501 1404 535 in
1430 499 1568 536 codicis
1593 501 1798 547 archetypo
1824 501 2061 548 transpositis
2088 503 2214 538 textus
2237 500 2275 536 111

347 560 442 596 libro
468 560 626 597 secundo
653 560 708 596 ita
733 558 956 595 ordinandus
981 561 1037 595 est
1061 559 1263 595 secundum
1287 571 1456 595 numeros
1480 558 1675 595 Breviarii.

431 641 457 675 I.
486 640 698 682 1,1-1,12.

394 722 456 756 111.
484 722 514 763 6,
528 722 559 756 3.
578 721 599 755 4
626 721 844 766 [sequuntur
875 723 1024 756 nostrae
1062 720 1237 756 editionis
1275 720 1559 757 constitutiones
1593 720 1764 762 2,7,1.⁴2
1801 732 1823 756 a
1855 720 2046 757 Breviario
2083 719 2276 768 primitivo

636 777 807 824 alienae}
834 780 864 821 6,
880 780 911 814 5.
938 779 1013 821 7,1.
1040 778 1071 822 8,
1089 779 1208 814 Las.
1234 779 1311 820 9‚1.

414 861 459 895 ΙΙ.
485 861 515 902 2,
532 861 559 895 1.
589 861 620 902 3,
639 861 666 895 1.
693 861 838 902 4,1—7.
865 860 896 901 5,
913 860 941 895 1.
968 859 1096 901 6‚1.2.

392 941 455 976 IV.
483 941 567 984 10‚1
595 945 633 978 et
658 941 711 977 sic
737 941 925 987 deinceps,

347 1021 579 1057 Breviarium
604 1022 642 1057 in
668 1022 737 1058 hoc
767 1023 952 1059 volumine
978 1035 1066 1069 pars
1090 1026 1145 1059 est
1171 1023 1340 1068 syllogae
1366 1035 1523 1069 magnae
1549 1023 1593 1058 de
1618 1024 1728 1058 rebus
1753 1022 1930 1058 Romanis
1956 1023 2016 1065 (cf.
2041 1022 2181 1058 Stubbs
2205 1023 2229 1057 l.
2247 1034 2277 1058 0.

347 1090 381 1123 p.
402 1078 625 1123 CXXXIII);
657 1081 886 1126 praecedunt
910 1081 1026 1117 Dares
1051 1081 1096 1117 de
1122 1080 1254 1117 Troiae
1287 1080 1449 1122 excidio,
1485 1084 1700 1126 excerptum
1731 1093 1774 1117 ex
1799 1080 1896 1116 libro
1923 1080 2074 1116 Catonis
2099 1081 2144 1116 de
2169 1080 2279 1128 origi-

347 1136 471 1179 nibus,
509 1138 676 1173 Romana
713 1138 864 1181 Iustini,
903 1139 1070 1180 Orosius,
1106 1138 1308 1184 Eutropius
1349 1150 1433 1174 cum
1470 1139 1730 1184 supplemento
1761 1138 1871 1173 Pauli
1909 1137 2073 1180 diaconi,
2111 1138 2280 1174 Iordanis

348 1195 525 1238 Romana,
552 1195 669 1241 ipsius
692 1197 855 1232 auctoris
871 1197 1121 1233 ‘adbreviatio
1134 1197 1321 1232 willelmi
1346 1198 1389 1233 de
1407 1197 1524 1244 gestis
1549 1197 1783 1242 sequent-inm
1802 1197 2080 1243 'imperatorum’
2097 1197 2280 1244 incipiens

348 1252 419 1288 ita:
444 1253 767 1290 ‘Praecedentium
792 1257 899 1301 gesta
926 1255 1192 1301 imperatorum
1215 1255 1390 1291 Iordanes
1415 1255 1614 1301 episcopus
1640 1258 1677 1291 et
1702 1255 1842 1290 Paulus
1867 1254 2045 1290 diaconus
2069 1258 2279 1292 texuerunt.

344 1310 598 1355 ‘Sequentium
629 1315 716 1348 acta
740 1312 874 1348 Haimo
900 1313 1104 1348 monachus
1132 1312 1378 1349 Floriacensis
1412 1325 1456 1349 ex
1482 1312 1639 1349 diversis
1672 1312 1887 1348 auctoribus
1919 1313 2084 1359 collegit'
2110 1314 2170 1357 (cf.
2195 1313 2279 1349 MG.

347 1368 405 1403 SS.
425 1370 455 1410 9,
474 1368 566 1413 348).
615 1369 716 1405 ‘Eius
742 1382 829 1416 ergo
854 1383 1000 1416 semper
1024 1383 1185 1415 sensum,
1214 1370 1416 1415 aliquando
1443 1371 1557 1406 verba
1582 1382 1761 1416 ponemus
1785 1369 1930 1406 omissis
1954 1382 2210 1415 quaecumque
2235 1371 2280 1407 de

345 1426 612 1472 ‘Longobardis
642 1427 794 1463 Francis
826 1427 960 1463 Gothis
993 1427 1200 1469 inmiscuit;
1234 1439 1360 1463 earum
1391 1427 1490 1463 enim
1519 1427 1689 1473 gentium
1722 1430 1829 1474 gesta
1866 1427 1951 1462 aliis
1982 1427 2143 1473 propriis
2173 1427 2281 1464 libris

345 1484 558 1530 ‘leguntur.'
602 1485 794 1521 Breviario
813 1485 1109 1531 praemittuntur
1133 1485 1362 1521 aVVillelmo
1387 1486 1496 1521 haec:
1522 1485 1643 1520 ‘Nunc
1661 1485 1751 1530 quia
1768 1484 1951 1530 quidquid
1977 1486 2021 1521 de
2046 1485 2282 1532 principibus

347 1541 494 1578 ‘Italiae
527 1545 564 1578 et
589 1542 728 1580 Romae
765 1544 955 1589 potuimus
989 1543 1153 1579 invenire
1188 1543 1398 1579 curavimus
1430 1555 1504 1578 non
1537 1543 1726 1585 omittere,
1764 1555 1967 1590 congruum
1999 1543 2148 1579 videtur
2178 1544 2281 1591 leges

346 1599 608 1636 ‘Romanorum
634 1613 839 1647 apponere,
872 1614 944 1637 non
971 1613 1032 1637 eas
1058 1613 1151 1646 quas
1176 1600 1404 1636 Iustinianus
1429 1601 1535 1642 fecit,
1569 1603 1665 1637 esset
1691 1600 1788 1636 enim
1812 1601 1883 1636 hoc
1908 1600 2072 1647 ingentis
2095 1602 2218 1647 operis
2244 1605 2282 1638 et

347 1657 518 1699 ‘laboris‚
553 1658 617 1694 sed
648 1671 710 1695 eas
738 1671 829 1704 quas
855 1659 1084 1695 Theodosius
1116 1659 1234 1694 minor
1264 1659 1362 1694 filins
1387 1658 1567 1694 Archadii
1596 1671 1618 1694 a
1644 1658 1874 1704 temporibus
1900 1657 2143 1695 Constantini
2165 1672 2281 1705 usque

347 1715 407 1750 ‘ad
432 1728 538 1751 suum
564 1717 632 1752 sub
659 1717 772 1753 titulo
798 1718 906 1752 1111105
933 1717 1108 1762 00105000
1135 1716 1372 1762 101Ρο1310115
1398 1717 1563 1764 collegit.
1611 1717 1802 1752 Ponantur
1826 1728 1913 1763 ergo
1938 1717 2026 1753 XVI
2050 1717 2140 1753 libri
2164 1718 2212 1754 ab
2238 1730 2282 1754 eo

345 1773 522 1809 ‘collecti’
547 1774 667 1818 [novit
692 1775 809 1820 igitur
821 1775 1035 1811 Willehnus
1054 1787 1180 1811 verum
1206 1775 1423 1819 numerum],
1448 1775 1617 1820 ‘quorum
1639 1774 1848 1810 sententiae
1871 1775 1996 1821 plures
2019 1775 2280 1821 explanantur,

345 1831 542 1875 ‘quaedam
568 1832 832 1877 explanatione
858 1845 930 1868 nou
956 1836 1085 1879 egent3
1111 1833 1189 1867 divi
1209 1832 1411 1869 Theodosii
1436 1832 1601 1868 eiusdem
1626 1832 1857 1867 novellarum
1880 1832 1976 1869 liber
1992 1833 2024 1874 I;
2051 1832 2130 1868 divi
2147 1833 2282 1870 Valen-

346 1887 495 1924 ‘tiniani
520 1889 588 1924 filii
613 1890 804 1926 Placidiae
829 1891 926 1927 liber
950 1892 982 1932 1;
1020 1891 1098 1926 divi
1123 1890 1301 1926 Martiani
1328 1890 1521 1927 orientalis
1546 1890 1783 1936 imperatoris
1807 1890 1904 1926 liber
1927 1891 1960 1932 Ι;
1987 1890 2066 1925 divi
2086 1891 2281 1928 Anthemii

345 1946 395 1981 ‘et
422 1947 554 1982 Leonis
579 1948 675 1984 liber
700 1949 731 1989 1;
768 1949 844 1984 divi
870 1949 1053 1984 Maiorani
1082 1949 1161 1995 [sic]
1188 1949 1285 1985 liber
1310 1950 1342 1990 I;
1376 1948 1454 1983 divi
1480 1948 1605 1984 Severi
1629 1947 1725 1984 liber
1749 1948 1782 1982 I'
1811 1949 1973 1993 [exordia
1997 1948 2178 1985 historica
2207 1961 2282 1985 non

347 2002 481 2039 inscite
510 2005 612 2041 facta
646 2018 740 2051 quae
779 2007 935 2053 singulis
970 2006 1158 2052 capitibus
1193 2006 1388 2052 praemisit
1413 2006 1627 2041 XVillelmus
1658 2006 1835 2052 leguntur
1868 2006 1971 2042 edita
2008 2007 2111 2052 apud
2139 2007 2281 2044 Haene-

348 2060 439 2096 lium
456 2062 556 2098 brev.
575 2076 610 2109 p.
626 2064 707 2099 LVI
725 2068 762 2101 et
780 2066 881 2110 apud
899 2065 1116 2101 Stubbsium
1136 2077 1170 2110 p.
1189 2064 1402 2109 CXXXIXJ.
1441 2065 1497 2099 ‘In
1515 2063 1650 2109 quibus
1668 2063 1763 2098 illud
1781 2063 2163 2106 animadvertendum,
2182 2065 2281 2109 quod

346 2119 515 2164 ‘quisque
540 2120 744 2167 imperator
767 2122 843 2158 suis
868 2122 1029 2169 legibus,
1064 2135 1155 2167 quas
1189 2122 1473 2168 promulgabat,
1506 2134 1641 2158 nomen
1674 2121 1852 2157 consortis
1884 2122 2116 2167 apponebat,
2146 2124 2282 2168 utpote

347 2177 590 2214 ‘Theodosius
615 2179 819 2225 imperator
845 2180 1192 2226 Constantinopolis
1217 2180 1395 2226 apposuit
1430 2180 1578 2226 legibus
1609 2179 1685 2215 suis
1715 2191 1848 2215 nomen
1865 2179 2141 2222 Valentiniani,
2171 2192 2282 2224 quem

347 2233 625 2280 ‘imperatorem
658 2242 850 2274 creaverat
884 2238 1042 2280 Romae;
1077 2238 1129 2274 sic
1164 2240 1201 2274 et
1234 2237 1273 2273 in
1307 2237 1451 2274 0010115.
1507 2237 1579 2273 Sed
1609 2237 1698 2283 quia
1729 2237 1912 2282 quaedam
1946 2239 2033 2272 sunt
2066 2237 2104 2282 in
2134 2237 2282 2284 legibus

346 2291 627 2338 ‘imperatorum
656 2295 827 2338 obscura,
864 2296 912 2331 ad
946 2297 1098 2341 plenum
1134 2296 1370 2332 intellectum
1402 2294 1644 2341 apposuimus
1676 2294 1790 2330 libros
1820 2293 2102 2330 institutionum
2127 2293 2213 2330 Gaii
2244 2296 2283 2331 et

347 2349 469 2385 ‘Pauli
493 2350 865 2389 iurisconsultorum.'
906 2353 1164 2390 Theodosiano
1193 2353 1408 2399 anteposita
1434 2355 1490 2388 est
1514 2353 1616 2399 apud
1631 2352 1864 2388 Willelmum
1888 2351 2065 2398 ‘epistola
2082 2351 2283 2388 Theodosii

347 2407 512 2444 ‘minoris
538 2409 582 2444 de
609 2411 887 2448 confirmatione
913 2412 1039 2458 legum
1067 2411 1328 2457 antiquarum'‚
1362 2411 1509 2447 scilicet
1538 2411 1771 2447 novellarum
1794 2409 1997 2445 Theodosii
2021 2410 2056 2445 II
2081 2409 2202 2455 prima
2224 2410 2282 2446 ‘de

347 2465 611 2502 ‘Theodosiani
643 2468 780 2504 codicis
812 2469 1052 2505 auctoritate‘
1077 2471 1203 2515 (supra
1224 2482 1259 2515 p.
1278 2469 1343 2513 X);
1377 2468 1554 2504 adhibuit
1583 2467 1701 2514 igitur
1724 2466 1909 2503 Breviarii
1933 2467 2099 2502 codicem
2123 2466 2283 2503 similem

348 2523 466 2559 nostri
491 2525 536 2559 A.
585 2525 781 2570 Epistulae
807 2527 1057 2573 subscriptum
1083 2531 1157 2563 est:
1187 2527 1359 2572 ‘explicit
1389 2526 1565 2572 epistola:
1594 2525 1783 2571 incipiunt
1809 2524 1979 2570 capitula
2003 2523 2092 2560 libri
2116 2524 2132 2558 I
2157 2524 2283 2570 legum

348 2581 599 2626 ‘antiquarum
631 2595 653 2619 a
679 2583 887 2620 Theodosio
920 2585 1059 2620 minore
1091 2585 1361 2626 collectarum²;
1396 2584 1648 2629 subscriptum
1673 2581 1923 2618 Theodosiani
1953 2581 2049 2618 libro
2080 2583 2282 2627 postremo:

347 2639 517 2684 ‘explicit
547 2640 643 2677 liber
667 2641 735 2676 XV
761 2642 960 2678 Theodosii
990 2642 1142 2678 minoris
1172 2643 1217 2678 de
1249 2642 1528 2678 confirmatione
1560 2641 1686 2687 legum
1715 2639 1977 2685 antiquarum’.
2008 2659 2053 2665 —
2085 2638 2208 2675 Codex
2242 2641 2285 2674 ut

348 2695 495 2731 librarii
522 2697 729 2733 doctrinam
745 2699 885 2744 passim
907 2700 1080 2742 ostendit,
1106 2700 1162 2735 ita
1188 2701 1234 2735 ab
1262 2699 1340 2736 eius
1364 2699 1545 2746 religione
1565 2709 1802 2743 nequaquam
1825 2709 1909 2734 eum
1932 2696 2182 2734 commendari
2207 2696 2284 2732 iam

350 2754 552 2791 Haenelius
568 2756 680 2800 (brev.
701 2769 735 2802 p.
755 2757 872 2801 XXX)
897 2757 1068 2803 exposuit
1094 2757 1254 2793 maxime
1279 2757 1483 2803 respiciens
1502 2756 1672 2792 Paulina.
1712 2754 1962 2791 Theodosiani
1986 2754 2165 2797 rubricas,
2191 2766 2285 2800 quas

350 2812 508 2858 singulis
532 2813 639 2849 libris
665 2813 888 2859 praemittit,
915 2816 1097 2859 quomodo
1122 2814 1336 2856 mutaverit,
1363 2814 1537 2850 editionis
1555 2816 1703 2850 nostrae
1728 2814 1934 2858 appara-tus
1950 2812 2001 2858 (p.
2017 2811 2147 2856 8—26)
2165 2814 2284 2848 osten-

351 2871 424 2912 dit;
452 2873 496 2908 de
520 2873 609 2908 libri
635 2874 720 2908 XVI
746 2874 904 2910 rubricis
930 2874 1026 2910 infra
1052 2874 1269 2910 videbimus.
1320 2874 1671 2919 Interpretationem
1698 2874 1768 2916 vel,
1793 2876 1837 2909 ut
1861 2873 1943 2919 ipse
1968 2883 2051 2908 eam
2076 2869 2197 2916 magis
2221 2881 2285 2915 ap-

351 2931 490 2975 pellare
517 2931 645 2973 voluit,
671 2932 973 2977 explanationem
1000 2932 1217 2977 plerumque
1241 2932 1449 2977 suppressit
1473 2935 1511 2968 et
1536 2932 1600 2967 ubi
1625 2931 1814 2972 remansit,
1841 2929 1980 2976 passim
2000 2927 2186 2974 reperitur
2207 2927 2285 2963 bre-

352 2988 456 3024 viata
480 2992 517 3025 et
543 2992 706 3029 mutata,
738 2989 777 3024 id
801 2990 900 3035 qnod
924 2989 1031 3031 item,
1064 2989 1214 3035 parcius
1239 2989 1344 3031 licet,
1376 2989 1414 3024 in
1446 2988 1538 3034 ipsis
1563 2989 1710 3035 legibus
1736 2988 1904 3029 admisit,
1935 2990 1978 3023 ut
2002 2985 2182 3022 lectiones
2206 2983 2286 3020 0105

351 3046 558 3092 singulares
582 3059 655 3082 non
679 3059 762 3082 raro
788 3050 971 3092 appareat
989 3046 1173 3092 proficisci
1199 3059 1243 3083 ex
1262 3046 1484 3082 coniectura.
1527 3046 1720 3081 Formulae
1739 3056 1885 3090 quoque
1905 3047 1988 3089 post
2011 3043 2096 3088 alia,
2122 3045 2154 3078 et
2171 3045 2286 3078 cetera

353 3116 496 3149 semper
521 3104 691 3140 abiectae
717 3107 820 3145 sunt;
846 3104 952 3150 siglis
971 3108 1047 3150 ῇῐ)
1072 3107 1110 3140 01
1131 3109 1186 3149 ff
1211 3104 1385 3150 pariliter
1408 3103 1651 3140 substituitur
1668 3103 1890 3138 vocabulum
1909 3101 2134 3146 praeposito;
2156 3099 2222 3135 ubi
2246 3099 2286 3134 in

354 3164 458 3197 textu
477 3165 531 3197 est
555 3162 605 3196 cul
623 3163 732 3206 illum,
758 3163 977 3208 plerumque
995 3162 1179 3208 reperitur
1198 3162 1362 3204 dativum
1388 3173 1461 3197 non
1478 3160 1654 3196 scribitur
1671 3160 1790 3205 impp„
1817 3171 1934 3206 auyy„
1960 3158 2024 3194 sed
2048 3160 2115 3194 aut
2139 3157 2284 3201 impres,

354 3220 438 3264 αιιῃῑ
463 3223 526 3255 aut
547 3220 728 3255 vocabula
746 3219 1035 3265 perscribuntur.
1076 3220 1178 3255 Haec
1205 3219 1416 3264 similiaque
1441 3230 1513 3254 non
1535 3223 1621 3254 sunt
1640 3220 1793 3262 recepta
1815 3217 1853 3252 in
1871 3218 2107 3262 apparatum.
2152 3213 2286 3256 Nihilo

354 3276 474 3311 minus
500 3290 571 3312 uon
596 3279 714 3313 solum
739 3277 1030 3323 subscriptiones
1060 3277 1177 3313 habet
1208 3278 1338 3322 plenas
1368 3277 1442 3313 fere
1474 3277 1512 3312 et
1544 3275 1795 3321 incorruptas,
1829 3274 1893 3311 sed
1923 3272 2104 3310 lectiones
2127 3283 2285 3317 quoque,

355 3345 631 3379 saepenumero,
658 3337 700 3370 ut
726 3335 850 3380 capite
877 3338 1009 3370 octavo
1037 3335 1261 3376 ostendetur,
1287 3334 1534 3378 archetypum
1560 3344 1649 3377 prae
1676 3344 1714 3368 se
1739 3332 1862 3368 ferunt
1888 3330 2018 3367 classis
2042 3328 2216 3366 melioris.
2241 3349 2286 3354 —

357 3391 409 3426 De
435 3391 716 3433 additamentis,
743 3404 839 3437 quae
864 3392 978 3429 etiam
1005 3392 1065 3427 hic
1093 3392 1275 3427 Breviarii
1300 3391 1413 3427 codex
1444 3390 1560 3426 habet
1592 3389 1639 3426 ab
1674 3390 1880 3435 archetypo
1907 3388 2048 3431 aliena,
2083 3390 2218 3434 agetur
2246 3386 2287 3422 in
