2501 3615
943 150 985 156 —
1034 127 1239 166 LXXXVII
1288 148 1332 155 —-

170 240 202 282 4,
219 239 271 281 12,
287 240 308 275 2
332 236 506 274 librarius
532 233 878 281 interpretationem
903 235 1017 270 solam
1045 233 1169 280 posuit
1196 236 1300 270 textu
1324 232 1484 276 omisso),
1510 230 1750 267 nihilominus
1774 229 1926 277 propius
1953 228 2098 267 accedit

172 299 218 333 ad
245 296 543 333 Theodosianum
574 294 760 339 integrum
786 305 897 338 quam
929 294 976 328 ad
1008 292 1243 328 breviarium.
1292 292 1422 336 Neque
1453 293 1578 326 tamen
1610 290 1717 324 illum
1745 289 1930 335 integrum
1955 301 2098 334 reprae-

171 357 310 391 sentat:
343 365 428 389 nam
453 353 490 387 in
516 351 620 387 tituli
647 352 691 386 de
716 354 866 387 senatus
892 350 1060 386 consulto
1086 350 1291 385 Claudiano
1317 350 1436 393 (4,12)
1463 350 1569 393 parte
1595 359 1649 388 ea,
1675 359 1787 392 quam
1813 347 1962 392 plenam
1988 347 2099 381 habc-

172 424 253 447 mus
279 412 316 446 in
341 410 467 446 codice
490 410 527 446 T,
554 409 688 444 adsunt
709 408 996 444 constitutiones
1020 408 1114 442 duae
1137 407 1234 449 412,
1249 409 1271 441 4
1288 410 1325 442 et
1343 409 1363 442 5
1381 406 1418 441 in
1436 409 1563 441 nostra
1585 405 1728 450 sylloge
1748 403 1970 439 deficientes
2009 404 2098 438 Cum

172 469 356 504 breviario
387 467 450 502 ubi
483 466 703 502 conferimus
729 478 822 510 qnae
857 465 915 500 his
946 465 1047 500 foliis
1080 463 1334 505 continentur,
1368 464 1502 499 titulus
1537 463 1581 498 de
1614 465 1764 498 sena-tus
1795 461 1962 496 consulto
1995 461 2100 495 Clau-

173 526 284 561 diano
315 538 335 560 a
362 524 546 560 breviario
572 524 694 559 abest:
726 523 763 558 in
791 523 880 559 folio
912 523 1031 558 altero
1056 533 1151 566 quae
1182 524 1282 562 sunt,
1317 520 1522 566 composita
1549 532 1631 556 cum
1662 519 1708 554 iis
1733 530 1828 564 quae
1854 517 1891 551 in
1917 517 2100 553 breviario

171 583 393 629 respondent
406 596 412 617 :

587 628 685 673 [brer.
704 628 808 662 VIII:
836 627 880 661 de
906 624 1054 660 liberali
1081 624 1205 669 causa]

725 687 758 721 4.
771 685 801 720 8.
818 685 838 720 8
865 684 974 728 Vat.¹)
999 683 1116 727 (modo
1140 686 1226 717 ‘recle
1250 682 1299 716 cuz
1323 682 1419 717 hunc
1445 682 1587 716 titulum
1611 681 1804 725 reseratio)

712 743 756 788 [4‚
771 744 803 784 8,
817 743 837 777 9
864 741 966 786 brein]

592 800 835 847 [b›·e1-.V11112
862 799 906 835 de
932 798 990 833 his
1016 798 1080 843 qui
1106 810 1127 833 a
1152 809 1224 833 non
1251 797 1400 833 domino
1425 797 1641 832 manumissi
1668 797 1767 842 sunt]

712 858 756 903 [4.
771 859 802 898 9,
820 859 836 893 1
863 857 965 902 breta]

595 916 669 951 I'at.
689 915 838 955 XXXV,
865 915 954 949 brer.
975 914 1043 948 XI:
1070 914 1115 949 de
1141 913 1287 949 libertis
1312 915 1351 949 et
1376 924 1499 948 eorum
1527 911 1656 947 liberis

711 972 755 1018 [4‚
773 972 824 1014 10,
841 973 858 1006 1
887 972 986 1017 breta]

722 1030 754 1071 4,
772 1029 823 1069 10,
838 1030 859 1064 2
885 1029 962 1064 Vat.

723 1089 756 1123 4.
774 1087 825 1128 10,
842 1087 863 1122 3
889 1086 968 1122 Vat.

586 1146 670 1181 vat.
690 1144 893 1190 [XXX]V1:
919 1144 964 1179 de
990 1143 1092 1189 longi
1118 1143 1296 1189 temporis
1322 1142 1615 1189 praescriptione

723 1204 756 1245 4,
774 1203 826 1245 11,
843 1204 860 1238 1
887 1202 964 1237 Vat.

723 1262 755 1302 4,
772 1261 824 1302 11,
839 1260 860 1295 2
886 1259 966 1294 Vat.

174 1331 366 1367 declarant-
390 1333 475 1376 post
499 1332 531 1372 4,
548 1330 630 1373 8.8,
662 1341 774 1374 quam
803 1328 1000 1375 probabile
1031 1330 1088 1365 est
1117 1329 1240 1364 locum
1272 1327 1448 1363 habuisse
1483 1327 1521 1362 in
1556 1326 1669 1363 titulo
1700 1326 1758 1361 ‘de
1789 1326 1938 1361 liberali
1971 1327 2104 1367 causa²,

174 1390 328 1425 deficere
359 1389 397 1424 111
427 1388 516 1424 folio
547 1391 672 1423 nostro
704 1388 806 1433 leges
841 1388 932 1422 duas
962 1387 1000 1422 in
1031 1386 1258 1422 breviarium
1294 1388 1465 1430 receptas
1499 1385 1662 1420 eiusdem
1695 1383 1801 1419 tituli
1834 1387 2036 1419 extremam
2067 1388 2103 1419 et

175 1446 364 1492 sequentis
386 1447 445 1482 ‘de
475 1446 534 1481 his
559 1445 624 1490 qui
649 1456 671 1480 a
694 1457 768 1479 non
794 1444 942 1479 domino
966 1443 1183 1479 manumissi
1208 1443 1308 1478 sunt‘
1334 1442 1498 1483 unicam,
1531 1441 1637 1477 tituli
1662 1440 1850 1486 sequentis
1874 1440 1931 1476 ‘dc
1957 1440 2102 1476 libertis

173 1506 212 1540 et
242 1516 368 1540 eorum
398 1503 540 1540 liberis'
563 1504 690 1539 abesse
721 1503 844 1549 legem
874 1502 1033 1548 primam
1061 1502 1098 1537 in
1123 1501 1351 1536 breviarium
1374 1500 1549 1541 relatam,
1584 1499 1711 1535 adesse
1742 1499 1765 1533 l.
1791 1499 1821 1533 2.
1840 1499 1860 1533 3
1895 1498 1932 1532 in
1965 1497 2002 1532 id
2033 1509 2105 1533 non

173 1565 359 1607 receptas;
385 1562 490 1606 sequi
513 1561 667 1597 titulum
689 1561 748 1596 ‘de
766 1560 870 1606 longi
893 1559 1072 1605 temporis
1088 1558 1397 1605 praescriptione'
1413 1558 1450 1592 in
1469 1557 1653 1593 breviario
1672 1556 1855 1592 omissum.
1899 1556 1940 1590 In
1963 1567 2106 1590 summa

174 1619 291 1665 igitur
306 1619 409 1665 leges
432 1619 470 1654 in
488 1618 714 1655 breviarium
737 1618 878 1654 relatae
903 1618 1039 1653 absunt
1064 1617 1111 1653 ab
1136 1617 1195 1651 his
1219 1616 1319 1651 foliis
1345 1627 1469 1651 omnes
1495 1618 1532 1651 et
1557 1615 1712 1661 sylloge,
1739 1625 1782 1649 ex
1800 1625 1873 1658 qua
1898 1613 1991 1649 haec
2016 1612 2106 1647 folia

173 1679 382 1722 supersunt,
408 1688 480 1712 non
505 1678 620 1722 auget
644 1675 869 1712 breviarium
895 1675 1045 1711 insertis
1070 1674 1105 1710 ei
1131 1686 1174 1710 ex
1200 1674 1346 1720 integro
1375 1685 1525 1718 corpore
1547 1671 1889 1715 constitutionibus,
1915 1671 1979 1707 sed
2004 1671 2106 1715 leges

174 1735 424 1771 Theodosiani
449 1734 587 1780 integri
613 1734 651 1769 in
676 1733 862 1769 breviario
888 1733 1041 1769 omissas
1066 1735 1215 1768 tantum
1237 1744 1311 1767 non
1337 1743 1461 1767 onmes
1485 1743 1568 1766 011111
1593 1729 1708 1765 simili
1731 1728 2040 1775 interpretatione
2059 1729 2106 1764 ad

174 1791 404 1828 breviarium
428 1791 544 1827 addit.
569 1812 614 1816 —
641 1791 712 1832 Qui
737 1792 964 1827 contendunt
989 1790 1075 1826 hinc
1103 1790 1336 1835 comprobari
1361 1789 1562 1834 aliquando
1589 1787 1888 1824 Theodosianum
1919 1787 2106 1833 integrum

173 1848 522 1894 interpretationem
553 1848 721 1884 Anianae
755 1848 913 1883 similem
946 1847 1120 1883 habuisse
1151 1847 1310 1891 indeque
1343 1848 1380 1881 et
1411 1857 1494 1881 eam
1524 1846 1684 1891 pendere
1718 1857 1830 1890 quam
1860 1844 2040 1880 habemus
2071 1846 2109 1879 et

174 1906 309 1942 harum
332 1905 575 1951 reliquiarum
599 1905 768 1948 similem,
804 1917 877 1941 non
911 1905 1018 1941 video
1044 1905 1227 1949 quomodo
1255 1903 1443 1949 explicent
1474 1903 1651 1939 breviarii
1677 1902 1962 1938 constitutiones
1986 1901 2109 1936 nullas

174 1964 213 1998 in
229 1963 301 1999 hac
318 1963 483 2009 reperiri.
502 1984 544 1989 --
563 1963 710 1999 Titulos
729 1963 911 2008 quomodo
930 1963 1083 1998 huiusce
1101 1963 1272 2008 syllogae
1290 1961 1514 2006 compilatos
1539 1960 1752 2002 numerarit,
1778 1971 1909 2005 parum
1934 1961 2108 2004 apparet;

175 2033 345 2057 numeros
370 2021 509 2056 XXXV
535 2024 573 2057 et
598 2021 784 2067 [XXX]VI
809 2021 897 2056 libri
916 2019 1093 2056 Vaticani
1126 2019 1217 2055 item
1246 2018 1358 2055 fuisse
1390 2019 1428 2054 111
1461 2018 1607 2065 integro
1633 2018 1888 2054 Theodosiano
1915 2017 2109 2062 quominus

175 2082 395 2122 statuamus,
423 2079 576 2115 obstant
599 2079 752 2122 numeri,
779 2091 871 2124 quos
897 2079 1035 2114 codicis
1056 2078 1089 2113 T
1107 2077 1291 2123 reliquiae
1317 2077 1366 2113 ad
1395 2076 1496 2119 4,13.
1518 2077 1560 2112 14
1584 2076 1736 2112 habent.

293 2159 356 2195 XI.
393 2160 425 2202 4,
444 2160 498 2202 20,
517 2160 549 2196 2.
2134 2158 2166 2196 4,
2181 2156 2237 2195 20,
2251 2156 2272 2186 ‘2

290 2217 393 2253 Libri
416 2219 440 2252 4
470 2218 689 2254 constitutio
719 2222 762 2254 ut
794 2230 891 2253 nunc
924 2219 1140 2253 numeratur
1175 2216 1228 2258 20,
1247 2216 1268 2250 2
1301 2215 1349 2251 ad
1384 2214 1549 2250 codicem
1574 2213 1801 2249 Vaticanum
1834 2213 1985 2259 reginae
2020 2214 2108 2248 1128

175 2277 225 2321 (p.
249 2275 398 2320 LXXX)
429 2275 470 2311 in
500 2276 570 2311 fine
605 2277 797 2322 adscripta
832 2279 889 2313 est
923 2288 1006 2311 cum
1036 2273 1269 2320 praescripto
1302 2274 1360 2308 ‘ex
1395 2284 1546 2318 corpore
1579 2271 1836 2307 Theodosia-no
1870 2271 2006 2306 librum
2042 2271 2109 2306 sub

175 2333 289 2369 titulo
314 2333 493 2368 XXVIIII
519 2334 740 2371 constitutio
766 2334 892 2371 sexta'.
943 2333 1101 2374 Quinam
1128 2332 1224 2368 liber
1249 2331 1503 2376 intellegatur,
1531 2329 1684 2365 dubium
1710 2332 1776 2365 est.

291 2408 374 2443 XII.
411 2409 432 2443 6
457 2409 555 2444 rubr.
575 2410 605 2444 1.
623 2408 655 2443 2.
2134 2406 2164 2445 6,
2181 2406 2205 2435 1.
2225 2405 2244 2435 2

291 2466 395 2502 Sexti
419 2466 509 2502 libri
532 2467 681 2502 rubrica
705 2467 867 2503 secunda
890 2466 931 2501 de
953 2466 1135 2502 sevmtmia
1159 2465 1333 2510 diynitate
1357 2463 1395 2498 in
1420 2461 1606 2499 breviario
1632 2461 1769 2497 omissa
1794 2463 1910 2504 adest,
1936 2465 1979 2498 ut
1996 2474 2108 2507 supra

177 2536 213 2569 p.
231 2523 421 2559 LXXXIV
446 2524 739 2567 observavimus,
776 2525 814 2559 in
844 2524 940 2559 libro
966 2523 1211 2559 Ambrosiano
1237 2522 1483 2566 videnturque
1514 2520 1552 2554 in
1578 2531 1620 2555 eo
1652 2519 1813 2555 adfuisse
1839 2531 1913 2555 una
1938 2520 2107 2565 pluresve

181 2581 467 2618 constitutiones
492 2581 530 2617 in
554 2581 717 2627 reliquos
741 2582 920 2618 breviarii
945 2582 1059 2617 libros
1084 2592 1155 2616 non
1180 2580 1340 2621 relatae3
1367 2579 1431 2615 sed
1456 2578 1571 2614 codex
1594 2577 1750 2613 mutilus
1776 2589 1818 2612 eo
1843 2589 1914 2613 non
1941 2577 2110 2623 pervenit

177 2651 296 2684 neque
321 2641 427 2676 extat
451 2639 584 2675 similis
609 2640 714 2676 alter.

293 2714 393 2750 XIII.
432 2715 484 2757 14,
500 2715 530 2756 7,
548 2715 569 2749 2
595 2714 774 2759 (Haenel).
2132 2715 2185 2753 14,
2202 2715 2229 2753 7,
2242 2714 2263 2744 2

295 2772 609 2808 Constitutionem
639 2772 782 2818 pariter
813 2775 926 2817 atque
952 2772 1087 2814 3‚18,2
1114 2771 1316 2816 (Haenelii)
1347 2770 1385 2805 in
1417 2770 1494 2805 solo
1526 2769 1622 2805 libro
1647 2768 1681 2803 L
1713 2768 1901 2803 inventam
1933 2766 2110 2802 insertam

178 2829 292 2865 titulo
317 2829 362 2866 de
388 2829 599 2876 collegiatis
626 2830 695 2874 (14,
711 2831 745 2873 7)
778 2829 854 2864 dixi
879 2842 914 2875 p.
935 2829 1125 2864 LXXVIII
1151 2832 1339 2873 sumptam
1369 2839 1447 2863 esse
1472 2839 1516 2863 ex
1542 2825 1852 2871 interpretatione
1878 2825 2107 2860 novellarum

179 2886 390 2923 Theodosii.

295 2956 392 2992 XIV.
429 2955 508 2991 Lib.
529 2956 571 2991 16
596 2956 643 2991 ad
669 2955 772 2991 codd.
794 2954 987 2990 AEOYD
1011 2957 1049 2991 et
1076 2954 1191 2990 Paris.
1213 2955 1335 2990 10743.
2132 2953 2154 2985 l.
2175 2956 2212 2986 16

295 3013 449 3049 Librum
474 3013 724 3049 Theodosiani
748 3013 835 3048 XVI
867 3013 946 3048 fuse
978 3014 1206 3048 tractantem
1239 3012 1283 3048 de
1317 3012 1426 3047 rebus
1458 3009 1726 3047 ecclesiasticis
1751 3009 1788 3044 in
1815 3009 1896 3054 ipso
1922 3007 2107 3043 breviario

181 3083 298 3116 aeque
329 3074 442 3116 atque
474 3071 512 3106 in
543 3071 697 3115 reliquis
722 3071 864 3106 factum
895 3072 952 3106 est
984 3069 1285 3115 compendiatum
1318 3068 1461 3104 librarii
1494 3069 1552 3104 vel
1583 3067 1708 3113 potius
1741 3078 1865 3103 eorum
1899 3069 2107 3111 temporum

181 3129 381 3174 prudentes
405 3130 587 3164 auxerunt
611 3128 758 3163 diversa
782 3127 936 3169 ratione,
962 3127 1017 3162 ita
1043 3129 1178 3168 tamen,
1205 3129 1248 3162 ut
1273 3127 1310 3161 in
1337 3126 1505 3161 omnibus
1531 3124 1757 3161 breviarium
1782 3136 1848 3169 pro
1866 3123 2106 3158 fundamento

181 3186 241 3220 sit.
291 3185 344 3220 Ex
370 3185 643 3231 exemplaribus
674 3185 721 3220 iis
747 3185 818 3220 duo
850 3187 935 3220 sunt
960 3196 1071 3229 supra
1096 3184 1271 3220 recensiti
1297 3184 1396 3220 inter
1421 3183 1567 3219 codices
1592 3182 1768 3218 breviarii
1794 3181 1946 3227 integri,
1978 3181 2110 3225 Epore-

182 3243 318 3278 diensis
333 3245 375 3280 E
396 3246 435 3279 et
452 3242 669 3278 Oxoniensis
690 3241 729 3277 Ο.
772 3240 922 3277 Tertius
939 3241 1204 3276 Ambrosianus
1229 3240 1267 3276 C.
1285 3241 1328 3275 29
1347 3240 1411 3275 inf.
1431 3255 1474 3269 =
1493 3241 1537 3282 A,
1563 3239 1607 3275 de
1631 3250 1703 3283 quo
1729 3238 1819 3273 item
1845 3237 1998 3283 egimus,
2026 3249 2109 3272 cum

292 3348 319 3392 ²)
343 3349 464 3384 Errore
489 3348 570 3382 hnic
594 3347 662 3392 legi
686 3348 855 3382 Conratus
880 3348 929 3382 ait
955 3347 1141 3391 praescribi
1166 3347 1202 3379 in
1227 3347 1343 3380 codice
1368 3346 1507 3379 titulum
1534 3346 1574 3378 de
1599 3345 1732 3378 liberali
1758 3355 1872 3378 causa.
