2517 3615
439 248 657 284 EDICTVM

773 248 1118 284 GREGORIANVS

377 329 408 362 1:
442 329 486 364 de
510 328 556 363 iis
580 328 644 373 qui
676 328 714 362 in
755 329 957 371 Iust.1,26‚
976 330 1003 364 1.
1024 330 1045 363 ‘2

423 383 627 428 municipio
661 394 715 417 co-

422 441 523 476 lonia
540 441 616 476 foro
639 440 717 475 iure

423 497 580 532 dicundo
616 508 719 542 prae-

426 557 511 589 sunt

757 1299 845 1334 lust.
862 1299 890 1339 1,
903 1298 958 1341 40,
975 1298 1018 1332 1?

763 3063 791 3103 1,
806 3062 859 3106 51,
876 3063 920 3097 1¹?

1150 1240 1212 1274 ,15
1238 1239 1282 1274 de
1309 1238 1431 1274 officio
1456 1238 1588 1274 vicarii

1206 146 1476 181 —xlv-

1260 247 1633 283 THEODOSIANVS
1866 251 2182 289 IVSTINIANVS

1190 331 1210 363 5
1237 329 1281 364 de
1300 328 1420 363 officio
1444 327 1715 373 praefectorum
1755 330 1784 371 1,
1801 329 1844 365 26
1870 331 1914 365 de
1940 331 2061 367 officio
2093 335 2297 378 praefecbo-

1236 385 1425 430 praetorio
1819 399 1900 422 rum
1926 389 2112 432 praetorio
2137 390 2297 427 Orientis

1822 445 1859 478 eb
1884 444 2026 489 Illyrici

1189 500 1210 533 6
1236 499 1280 534 de
1292 498 1603 543 officiopraefecti
1615 499 1716 535 urbis
1753 499 1783 542 l,
1797 499 1841 534 28
1867 515 1909 530 =

1190 555 1208 589 7
1236 555 1280 589 (10
1306 555 1426 590 officio
1451 555 1622 602 magistri
1650 555 1714 591 mi·
1754 556 1782 597 l,
1797 556 1840 592 29
1867 573 1909 587 =

1234 611 1343 647 litum

1189 669 1210 704 8
1236 670 1280 705 de
1306 669 1427 704 officio
1452 670 1658 714 quaestoris
1754 669 1842 711 1‚30
1868 687 1910 701 ==

1189 727 1210 761 9
1235 727 1279 762 (10
1306 726 1427 761 officio
1449 726 1620 773 magistri
1639 727 1713 762 offi-
1753 728 1782 769 1,
1797 727 1839 762 31
1868 743 1910 757 =

1236 783 1375 818 ciorum

1170 841 1211 877 10
1237 841 1281 875 (10
1306 840 1428 876 officio
1455 841 1602 876 comit-is
1628 854 1654 876 S.
1672 842 1695 876 1.
1753 840 1818 884 1‚3

1170 898 1208 932 11
1237 898 1281 933 (10
1300 897 1434 933 officiio
1453 897 1599 933 comitis
1617 911 1644 932 r.
1659 911 1713 943 pr.
1754 899 1782 940 1,

1170 955 1212 990 12
1237 955 1281 990 de
1323 954 1444 989 officio
1485 955 1715 1000 proconsulis
1755 955 1783 999 1,

1237 1013 1276 1046 et
1299 1010 1418 1057 legati

1171 1067 1213 1102 13
1238 1067 1281 1102 de
1311 1067 1433 1104 officio
1466 1069 1613 1104 comicis
1638 1069 1716 1105 Ori·
1755 1070 1784 1112 1,
1799 1069 1843 1105 36
1869 1085 1911 1100 =

1237 1115 1334 1160 entis

1171 1183 1214 1217 14
1239 1182 1283 1216 de
1297 1181 1418 1217 officio
1433 1182 1614 1227 praefecti
1623 1185 1715 1229 Aug.

1171 1296 1213 1331 16
1239 1296 1283 1332 de
1308 1296 1429 1331 officio
1454 1297 1609 1332 rectoris
1637 1309 1717 1342 pro-

1238 1352 1384 1388 vinciae

1171 1411 1212 1446 17
1238 1411 1283 1446 de
1343 1409 1463 1445 officio
1520 1410 1717 1446 rationalis

1238 1479 1461 1503 summarum
1494 1469 1532 1502 et
1562 1467 1616 1503 rei
1645 1468 1717 1513 pri-

1238 1528 1348 1561 vatae

1170 1583 1211 1618 18
1238 1583 1282 1618 de
1308 1581 1429 1617 officio
1458 1581 1640 1626 praefecti
1666 1581 1716 1616 vi·
1755 1584 1845 1626 1‚43
1870 1601 1912 1615 =

1237 1639 1356 1686 gilum

1171 1698 1212 1732 19
1239 1698 1282 1732 de
1296 1696 1418 1732 officio
1434 1694 1574 1731 tribuni
1589 1696 1716 1741 volup-

1237 1756 1359 1791 tatum

1168 1813 1214 1848 20
1239 1812 1283 1848 de
1301 1810 1420 1846 officio
1446 1809 1610 1845 iudicum
1629 1808 1716 1844 civi-

1237 1869 1329 1905 lium

1168 1928 1210 1962 21
1238 1928 1283 1963 de
1301 1925 1420 1961 officio
1438 1924 1603 1960 iudicum
1621 1923 1718 1959 mili-

1238 1983 1376 2020 tarium

1169 2043 1212 2077 22
1239 2042 1283 2077 (10
1309 2039 1429 2075 officio
1455 2039 1619 2075 iudicum
1644 2050 1717 2075 om-

1237 2097 1340 2133 nium

1170 2183 1214 2248 027
1224 2183 1268 2257 19)
1286 2182 1350 2247 'de'
1363 2182 1571 2256 episcopali
1584 2181 1718 2246 ’definij

1239 2268 1340 2305 tione

1171 2326 1214 2360 28
1241 2326 1299 2371 [de
1334 2323 1586 2361 defensoribus
1618 2335 1718 2359 sena-

1284 2395 1300 2416 S

1171 2440 1215 2474 29
1239 2384 1285 2475 {Ile
1303 2384 1313 2426 ]
1333 2437 1585 2474 defensoribus
1631 2437 1718 2473 civi-

1241 2498 1363 2531 tatum

1171 2552 1216 2588 30
1242 2553 1285 2587 de
1325 2551 1556 2588 curatoribus
1589 2551 1718 2587 civim-

1241 2612 1321 2645 tum

1172 2668 1212 2702 31
1241 2667 1286 2701 de
1320 2665 1719 2702 administratiunculis

1240 2722 1340 2759 intra,
1364 2723 1492 2758 urbem

1172 2836 1216 2871 32
1242 2837 1285 2872 de
1309 2836 1610 2882 procuratoribus
1634 2795 1726 2909 gwy-5

1241 2892 1371 2929 naecei
1397 2894 1435 2928 et
1459 2894 1696 2930 metallorum
1715 2912 1726 2992 l

1172 3006 1217 3041 33
1241 3007 1285 3042 de
1310 3006 1531 3052 primiceriis

1757 2895 1846 2937 11,8
1872 2895 1916 2929 (10

1756 1812 1844 1853 1,45
1871 1828 1914 1842 =

1755 1927 1844 1969 1,46
1870 1942 1913 1956 =

1756 2043 1785 2084 1,
1799 2041 1844 2076 48
1869 2042 1914 2077 de
1937 2040 2058 2077 officio
2076 2040 2302 2077 diversorum

1822 2098 1988 2134 iudicum

1756 2212 1821 2254 1‚4
1846 2212 1890 2247 de
1916 2210 2124 2258 episcopali
2154 2210 2303 2247 audien-

1822 2268 1880 2304 tia
1903 2272 1963 2304 cet.

1757 2440 1844 2482 1,55
1870 2455 1912 2469 =

1758 2782 1810 2823 11,
1824 2781 1844 2815 7
1871 2780 1914 2815 de
1941 2807 1947 2814 .
1966 2806 1973 2814 .
1993 2806 2000 2814 .
2019 2804 2028 2814 .
2053 2778 2300 2825 procuratori-

1823 2838 1892 2873 bus
1915 2836 2152 2874 metallorum

1943 2921 1949 2929 .
1968 2921 1976 2929 .
1995 2921 2003 2930 .
2021 2921 2028 2928 .
2054 2891 2300 2939 procuratori-

1824 2951 1892 2986 bus
1916 2949 2097 2997 gynaecei
2122 2977 2129 2985 .
2148 2977 2155 2984 .
2174 2976 2181 2984 .
2201 2976 2209 2985 .

1173 3064 1217 3098 34
1242 3064 1286 3099 de
1311 3064 1570 3105 adsessoribus,
1599 3064 1717 3100 dome·
1757 3065 1840 3106 1‚51
1869 3079 1911 3093 =

1241 3120 1345 3156 sticis
1370 3122 1409 3157 et
1434 3120 1666 3157 cancellariis
