2501 3615
951 171 992 176 -
1042 138 1235 186 cccxxv
1284 160 1327 175 —*

292 259 523 297 Brevi-arium
557 255 740 303 imprimis
774 255 852 292 eius
883 255 1210 301 interpretationes
1243 255 1281 289 et
1314 253 1500 298 epitomae
1534 250 1597 287 diu
1633 249 1671 285 in
1707 249 1842 285 scholis
1876 249 2098 284 Franciae
2135 247 2310 282 Breviarii
2327 260 2408 281 usus

177 317 523 367 grammaticalibus
558 316 606 351 ad
638 314 855 350 erudiendos
892 314 929 348 in
964 314 1052 348 iuris
1089 312 1308 348 rudimentis
1344 310 1546 356 discipulos
1580 308 1906 353 adhibebantui·.¹)
1970 308 2098 343 Utrum
2175 298 2209 329 5⁷²
2235 296 2367 329 scholis.

178 378 216 413 'm
246 377 417 424 partibus
444 372 711 410 Germaniae
736 371 930 417 discipuli,
965 371 1028 416 qui
1063 373 1211 416 praeter
1244 372 1413 414 tempora
1439 367 1563 403 Caroli
1588 366 1715 412 Magni
1751 368 1788 401 et
1814 366 1992 401 Ottonum
2025 366 2100 401 fere

178 446 304 471 omnes
327 433 467 470 ordinis
493 432 708 468 clericorum
734 434 855 471 erant,
889 438 1003 464 artem
1034 427 1258 462 rhetoricam
1283 428 1490 461 tractantes
1524 428 1562 460 et
1589 427 1721 470 postea
1747 422 1872 458 clerici
1897 424 1967 458 iuri
1995 434 2098 458 cano-

177 494 262 530 nico
287 492 478 528 studentes
503 491 617 525 etiam
638 489 820 534 quaedam
846 486 936 522 iuris
953 485 1109 520 Romani
1135 484 1344 519 rudimenta
1369 483 1576 523 didicerint,
1602 482 1640 517 in
1665 481 1818 517 dubium
1837 483 2008 516 vocatum
2035 485 2100 516 est.

181 552 282 592 Quae
308 550 492 597 Spechtus
516 549 586 583 hac
612 548 650 582 in
674 558 712 582 re
738 544 921 585 disseruit,
950 543 1176 587 Fittingus2)
1201 544 1419 586 argumento
1445 540 1542 576 iuvit
1565 539 1764 585 magistros
1789 538 1978 574 codicibus
2004 539 2102 584 leges

179 608 418 645 Germanicas
437 605 725 642 continentibus.
745 614 840 648 quae
857 602 894 636 in
913 599 1151 637 bibliothecis
1168 598 1473 634 monasteriorum
1492 600 1777 634 asservarentur.
1803 596 1841 630 in
1858 596 1995 631 scholis
2019 608 2102 630 usos

179 679 272 707 esse,
303 665 352 701 ad
377 664 675 710 interpretandos
699 673 786 698 vero
817 661 930 696 libros
956 657 1144 694 Ciceronis
1175 657 1218 692 de
1244 660 1323 693 arte
1348 656 1532 692 rhetorica
1557 656 1614 691 vel
1642 656 1688 690 ad
1714 654 1989 700 praeparandas
2016 654 2103 688 iuris

180 724 352 761 canonici
375 723 565 761 lectiones.
591 721 690 766 quod
715 721 770 755 ius
791 719 994 754 Romanum
1021 716 1170 754 attinet,
1200 714 1425 750 Breviarium
1444 714 1669 749 adhibuisse.
1710 713 1776 748 Cui
1795 713 1974 747 Couratus
1994 712 2018 749 Ι,
2038 714 2077 746 31
2093 714 2102 732 ¹

180 781 411 818 documentis
435 780 599 815 nondum
625 777 803 814 exhibitis
837 777 900 811 sed
930 786 1011 820 cap.
1029 775 1073 809 35
1098 772 1249 808 secundi
1276 771 1474 807 voluminis
1504 771 1718 812 reservatiS,
1751 773 1793 805 ut
1823 769 1915 804 mihi
1948 768 2103 810 videtur,

179 841 280 876 recte
305 838 466 875 obsistit.

297 901 487 938 Breviario
513 913 557 937 ex
582 899 691 935 Pauli
717 895 932 939 sententiis,
959 893 1208 930 Theodosiani
1235 893 1373 939 integri
1400 893 1577 927 librorum
1605 891 1822 937 praesertim
1849 904 1891 927 ex
1918 891 2036 937 primo
2068 893 2105 926 et
2142 894 2387 926 Additamenta

182 961 325 996 decimo
350 962 471 999 sexto,
503 970 548 994 ex
572 955 732 992 novellis
759 952 1103 990 Posttheodosianis
1117 953 1161 995 ³),
1193 963 1236 986 ex
1263 950 1598 986 constitutionibus
1623 949 1890 984 Sirmondianis
1917 948 2020 983 varia
2044 949 2104 983 ad-
2178 940 2360 972 Breviarii.

183 1018 392 1054 ditamenta
403 1019 430 1062 ⁸)
447 1017 537 1051 data
562 1018 658 1056 sunt,
684 1025 780 1058 quae
805 1023 879 1047 non
905 1011 1023 1046 solum
1049 1010 1085 1044 in
1111 1009 1229 1044 forma
1255 1009 1506 1054 appendicum
1531 1009 1578 1043 ad
1595 1008 1704 1042 finem
1723 1007 1902 1042 Breviarii
1923 1007 2105 1042 adscribe—

183 1078 336 1119 bantur,
369 1075 434 1111 sed
462 1074 576 1110 etiam
608 1072 831 1118 procedente
862 1073 1028 1115 tempore
1060 1068 1134 1113 ipsi
1169 1067 1290 1103 textui
1325 1066 1595 1102 inserebantur.
1645 1065 1984 1100 Sirmondianarum
2010 1065 2105 1110 frag-

182 1137 309 1171 menta
340 1135 454 1168 const.
482 1135 510 1173 1,
534 1132 565 1173 2,
589 1134 620 1174 ἶ),
646 1132 664 1164 7
695 1129 735 1164 in
761 1128 950 1174 epitomen
976 1125 1182 1161 Parisinam
1208 1125 1480 1167 transierunt.¹')
1531 1123 1824 1168 Explanationes
1850 1122 2043 1157 titulorum
2070 1126 2108 1157 et

183 1193 329 1240 glossae
354 1190 478 1226 factae
504 1191 604 1230 sunt,
637 1187 796 1232 denique
822 1185 927 1221 varia
958 1183 1178 1229 compendia
1208 1195 1252 1218 ex
1277 1181 1468 1217 Breviario
1492 1180 1655 1227 genuino
1683 1181 1740 1216 vel
1767 1183 1876 1215 aucto
1903 1179 2108 1224 compilata

184 1251 279 1292 sunt,
306 1260 401 1294 quae
427 1247 572 1283 codices
597 1246 811 1281 decurtatos
836 1246 875 1279 et
900 1243 1084 1288 epitomas
1109 1241 1314 1276 nominant.

299 1313 419 1355 Quam
443 1312 520 1347 late
544 1309 728 1346 Breviarii
754 1308 892 1344 notitia
916 1305 1136 1352 praesertim
1167 1304 1207 1339 in
1231 1303 1446 1350 regionibus
1472 1303 1617 1338 Galliae
1644 1302 1777 1336 diffusa
1802 1301 1924 1342 fuerit,
1950 1302 2108 1345 apparet
2161 1296 2322 1328 Codicum

185 1384 230 1407 ex
262 1382 401 1418 magna
434 1369 603 1405 codicum
635 1367 775 1403 ibidem
807 1365 1099 1411 conscriptorum
1133 1363 1259 1409 copia,
1291 1375 1385 1408 quae
1421 1364 1468 1397 ab
1502 1364 1627 1397 aetate
1654 1359 1831 1395 Karolina
1862 1359 1979 1394 crevit
2009 1362 2047 1393 et
2078 1358 2107 1393 si
2169 1343 2314 1386 dzjffusiu.

185 1431 463 1467 decurtatorum
486 1430 525 1464 et
549 1427 839 1473 epitomatorum
856 1424 1040 1460 rationem
1058 1423 1247 1458 habemus,
1276 1434 1360 1457 vere
1385 1422 1515 1467 ingens
1540 1419 1623 1455 fuit.
1667 1419 1808 1460 Quibus
1826 1418 1937 1463 pauci
1964 1419 2109 1452 tantum

187 1487 330 1524 codices
355 1485 583 1532 adiungendi
608 1487 704 1526 sunt,
729 1496 821 1529 quos
845 1483 885 1517 in
912 1481 1109 1517 Germania
1136 1481 1194 1516 vel
1220 1480 1258 1514 in
1284 1479 1459 1515 Helvetia
1486 1480 1594 1513 natos
1620 1489 1697 1512 esse
1723 1479 1879 1512 constat.

301 1551 476 1587 Codicum
513 1548 696 1585 Breviarii
732 1547 1014 1593 integrorum
1049 1544 1281 1590 temporibus
1318 1546 1405 1578 ante
1440 1542 1610 1577 Carolum
1648 1541 1826 1586 Magnum
1863 1539 2110 1575 confectorum

187 1611 336 1655 praeter
369 1608 440 1644 duo
470 1607 563 1643 folia
594 1606 672 1641 cod.
698 1605 813 1641 Paris.
839 1605 905 1640 lat.
934 1605 1062 1643 12161,
1098 1613 1192 1647 quae
1227 1604 1379 1636 auctore
1412 1600 1636 1635 Mommseno
1669 1598 1718 1643 [in
1750 1597 1809 1632 his
1838 1595 2112 1642 Prolegomenis

187 1679 223 1713 p.
237 1666 350 1712 LXV]
374 1666 486 1702 facile
511 1664 662 1701 saeculo
687 1668 802 1705 sexto,
828 1662 1027 1698 secundum
1047 1660 1267 1696 Haenelium
1285 1658 1405 1704 [LRV.
1424 1657 1608 1703 p.XL111]
1628 1656 1775 1692 saeculo
1794 1654 1952 1700 septimo
1970 1653 2112 1699 scripta

186 1724 317 1770 paullo
348 1725 433 1769 post
459 1734 544 1759 vero
573 1722 757 1767 rescripta
782 1723 882 1762 sunt,
913 1723 952 1755 et
976 1719 1242 1765 Legionensem
1270 1717 1341 1752 duo
1367 1717 1515 1751 tantum
1540 1714 1684 1749 codices
1709 1713 1737 1748 P
1764 1715 1801 1748 et
1826 1713 1862 1747 M
1888 1711 2038 1757 gemelli
2065 1711 2112 1745 ad

187 1793 254 1817 nos
279 1781 574 1827 pervenerunt.⁰)
623 1779 787 1823 Uterque
813 1790 858 1813 ex
883 1776 1007 1812 Gallia
1032 1776 1181 1811 saeculo
1207 1774 1367 1820 septimo
1394 1773 1581 1819 profectus
1607 1783 1684 1806 esse
1712 1770 1867 1804 videtur.
1918 1769 2111 1814 Regnaute

188 1839 321 1875 Carolo
345 1839 592 1884 archetypum
617 1836 851 1883 deperditum
877 1834 1016 1871 codicis
1042 1833 1203 1869 Parisini
1228 1834 1318 1867 4415
1341 1831 1523 1876 scriptum
1549 1840 1625 1864 esse
1652 1828 1797 1870 dicunt,
1827 1827 1857 1861 si
1884 1826 2016 1872 plenus
2040 1825 2113 1860 fuit

187 1899 276 1933 ante
301 1909 438 1932 annum
464 1897 544 1937 788,
577 1895 605 1930 si
633 1895 849 1930 decurtatus
880 1896 965 1939 post
991 1894 1074 1934 788,
1107 1903 1179 1936 quo
1213 1901 1310 1925 anno
1343 1899 1467 1924 omnes
1499 1886 1642 1922 codices
1673 1884 1858 1921 decurtati
1891 1882 2113 1929 posteriores

187 1966 266 1991 esse
299 1954 472 1990 videntur
495 1954 717 2003 [Mommsen
747 1952 787 1987 in
817 1951 876 1986 his
902 1948 1177 1996 Prolegomenis
1212 1960 1247 1993 p.
1273 1946 1372 1982 XCV
1404 1948 1443 1982 et
1473 1944 1614 1987 XCIX].
1666 1944 1770 1978 Nono
1796 1942 1943 1977 saeculo
1969 1940 2113 1976 codices

188 2013 235 2055 N,
259 2012 299 2057 F,
327 2013 379 2053 17,
403 2013 456 2054 14,
481 2011 515 2055 S,
540 2011 581 2054 Q,
607 2010 759 2047 exeunti
784 2021 880 2044 nono
907 2009 966 2044 vel
990 2006 1188 2053 incipienti
1216 2005 1357 2040 decimo
1384 2004 1496 2039 codex
1515 2002 1581 2044 E*‚
1608 2001 1750 2036 decimo
1777 1999 1920 2035 codices
1938 1999 1977 2041 Β,
2005 1999 2045 2039 Κ,
2072 2000 2114 2033 16

187 2069 380 2106 tribuendi
404 2072 500 2111 sunt,
525 2069 590 2114 qui
607 2080 732 2104 omnes
748 2068 787 2102 in
804 2067 939 2102 finibus
957 2065 1084 2112 magni
1103 2065 1323 2099 Francorum
1350 2061 1458 2108 regni
1476 2059 1634 2096 confecti
1661 2061 1756 2093 sunt.
1800 2057 1953 2092 Saeculo
1972 2055 2113 2092 decimo

190 2128 250 2163 vel
273 2126 472 2163 undecimo
497 2127 613 2162 codex
638 2126 669 2161 G
700 2126 862 2171 scriptus
887 2126 958 2169 est,
991 2135 1100 2168 quem
1126 2120 1319 2156 Bluhmius
1352 2119 1414 2165 [M.
1440 2118 1480 2154 G.
1501 2118 1569 2153 LL.
1595 2117 1646 2152 IV
1672 2129 1706 2162 p.
1726 2114 1914 2159 XXXVII]
1951 2114 1988 2148 in
2023 2114 2113 2149 cele-

188 2185 350 2222 berrima
374 2188 464 2221 tunc
488 2183 682 2220 Fuldensis
706 2182 924 2219 monasterii
951 2181 1187 2217 librariorum
1212 2179 1296 2214 sede
1321 2179 1464 2213 factum
1489 2188 1566 2212 esse
1593 2174 1697 2210 dicit.

306 2248 487 2286 Breviarii
512 2247 681 2284 codicum
707 2260 751 2284 ex
775 2246 1032 2282 Theodosiano
1058 2245 1204 2290 integro
1230 2245 1462 2278 auctorum
1489 2240 1516 2274 L
1542 2239 1690 2274 saeculo
1716 2240 1848 2272 octavo
1874 2238 2029 2271 exeunte
2057 2235 2114 2269 vel

190 2319 287 2343 nono
303 2307 523 2353 incipiente,
549 2309 591 2341 ut
606 2305 810 2342 Haenelius
829 2305 938 2340 LRV.
963 2316 997 2349 p.
1018 2303 1135 2337 XLIX
1160 2301 1345 2347 opinatur,
1371 2300 1410 2334 in
1427 2297 1551 2334 Gallia
1575 2294 1810 2331 meridionali
1837 2294 2024 2329 confectus
2049 2295 2115 2336 est,

190 2366 225 2401 Y
250 2365 398 2401 saeculo
424 2364 567 2401 decimo
593 2363 819 2409 compilatus
844 2363 986 2409 origine
1013 2364 1069 2396 est
1093 2359 1294 2395 RemensiS.
1342 2358 1456 2393 Extra
1483 2354 1632 2390 Italiam
1658 2353 1802 2388 codices
1822 2353 1847 2387 F
1873 2352 1912 2396 [S.
1932 2351 1996 2395 IX]
2022 2353 2060 2386 et
2085 2350 2115 2384 D

192 2424 232 2469 [s.
252 2423 380 2469 IXJXJ,
406 2422 472 2468 qui
496 2422 530 2456 Y
555 2422 736 2468 gemellus
761 2424 828 2463 est,
855 2419 987 2466 scripti
1012 2421 1107 2454 sunt.

311 2528 336 2574 ¹)
360 2530 464 2564 Sav.²
488 2531 515 2571 Ι,
532 2527 610 2571 463,
636 2531 679 2568 Π,
701 2526 781 2567 123;
818 2528 962 2569 Fitting,
995 2526 1230 2568 Brachylogus
1256 2536 1287 2568 p.
1305 2521 1350 2556 25
1363 2533 1430 2564 sq.;
1468 2521 1559 2553 Idem
1590 2520 1625 2552 in
1656 2517 1786 2551 ZfRG.¹
1815 2517 1870 2557 VI,
1892 2514 1972 2555 116;
2013 2516 2115 2556 Idem,

192 2578 354 2620 Anfange
377 2588 410 2620 p.
431 2576 472 2609 15
485 2588 554 2619 sq.;
579 2576 724 2609 Glasson
753 2575 812 2617 IV,
832 2574 898 2607 192
918 2585 987 2615 sq.;
1013 2572 1192 2605 Caillemer
1217 2572 1251 2602 in
1277 2570 1358 2602 th.
1387 2569 1446 2607 ΙΙΙ,
1465 2567 1530 2600 601
1546 2577 1614 2608 sq.;
1639 2566 1774 2605 comat,
1801 2564 1953 2605 Epitome
1977 2562 2116 2594 Exactis

192 2624 333 2666 regibus
357 2634 390 2666 p.
408 2623 664 2663 CLXXXVIII3
690 2621 797 2662 Idem,
823 2621 968 2662 Quellen
993 2617 1098 2659 1‚44;
1126 2618 1230 2650 Flach
1259 2615 1323 2650 104
1334 2626 1401 2656 sq.;
1429 2614 1587 2646 Brissaud
1608 2610 1748 2653 171sq.;
1777 2610 1911 2642 Halban
1930 2609 1971 2647 II,
1990 2607 2054 2640 357
2067 2618 2116 2649 sq.

193 2671 220 2703 F
223 2670 357 2713 ittingo,
381 2680 469 2712 quae
493 2669 535 2702 de
558 2680 624 2701 usu
642 2668 846 2701 scholastico
870 2668 906 2699 in
932 2666 1087 2710 partibus
1104 2666 1130 2697 F
1133 2665 1271 2697 ranciae
1289 2671 1422 2694 summa
1445 2671 1522 2693 cum
1540 2658 1715 2700 diligentia
1733 2656 1938 2699 explanavit,
1956 2654 2116 2687 Flachius

193 2717 362 2750 Conratus
386 2721 419 2749 et
443 2716 627 2748 Halbanus
651 2720 740 2747 recte
764 2714 998 2746 adversantur.

311 2773 339 2817 ²)
364 2774 498 2817 specht,
524 2773 728 2806 Geschiehte
758 2772 817 2805 des
849 2771 1195 2804 Unterricbtswesens
1227 2767 1263 2799 in
1293 2763 1526 2798 Deutschland
1556 2774 1622 2795 von
1655 2761 1720 2794 den
1753 2761 1899 2792 altesten
1925 2759 2041 2791 Zeiten
2066 2757 2118 2790 bis

194 2832 272 2853 zum
299 2820 353 2853 13.
370 2820 606 2853 Jahrhundert
629 2817 746 2861 (1885)
774 2829 805 2861 p.
824 2816 890 2850 122
905 2828 970 2859 sq.;
998 2817 1127 2859 Fitting
1152 2813 1295 2846 ZfRG.²
1320 2813 1394 2850 VII,
1414 2809 1520 2852 84sq.

311 2876 339 2919 ⁸)
366 2879 494 2909 Auctor
527 2877 692 2919 epitomae
727 2875 937 2917 Aegidianae
970 2884 1013 2906 ex
1049 2872 1223 2905 codicibus
1256 2869 1460 2912 quibusdam
1491 2865 1656 2899 Breviarii
1686 2864 1796 2896 auctis
1827 2861 2024 2904 compendio
2057 2872 2118 2893 suo

195 2923 352 2956 rubricas
376 2923 555 2956 titulorum
575 2921 668 2955 1—ss
694 2921 915 2953 Novellarum
934 2919 1115 2952 Maioriani
1137 2928 1209 2950 una
1233 2927 1310 2948 cum
1335 2924 1469 2947 summa
1493 2915 1543 2945 tit.
1557 2913 1603 2944 VI
1626 2909 1679 2942 ‘de
1704 2908 2020 2942 sanctimonialibus
2044 2904 2118 2939 etc.’

195 2970 348 3003 inseruit.
390 2969 524 3002 Haenel
542 2969 642 3001 LRV.
661 2966 745 3007 3103
771 2967 807 2999 P.
823 2968 868 2999 M.
883 2968 1002 3009 Meyer
1024 2966 1059 2997 in
1083 2965 1195 3007 eapite
1213 2963 1319 3005 primo
1336 2961 1468 3002 Proleg.
1488 2960 1523 2991 in
1540 2957 1665 2991 Theod.
1681 2957 1730 2996 ΙΙ;
1755 2956 1882 2987 Conrat
1901 2955 1925 2994 I,
1944 2952 2011 2986 223
2023 2953 2059 2985 ¹¹.
2076 2970 2119 2974 —

197 3016 243 3049 Ut
267 3017 387 3059 Meyer
410 3025 544 3048 mecum
578 3013 815 3046 liberalissime
846 3011 1126 3050 communicavit,
1161 3010 1266 3042 codex
1290 3009 1322 3040 D
1352 3006 1520 3039 novellam
1538 3003 1769 3037 Valentiniani
1794 3000 1826 3039 8,
1846 3001 1880 3039 1,
1911 3011 1998 3042 quae
2024 3003 2120 3031 extra

196 3063 410 3095 Broviarium
434 3067 496 3101 est,
521 3061 662 3104 praebet
686 3057 757 3102 [cfr.
777 3060 902 3092 Conrat
925 3060 951 3099 Ι,
970 3056 1036 3090 255
1051 3054 1088 3099 ⁸].
1129 3057 1248 3097 Aeque
1272 3054 1379 3086 codex
1402 3052 1510 3085 Berol.
1528 3050 1628 3083 Phill.
1649 3047 1736 3082 1735
1762 3058 1849 3079 saec.
1864 3045 2007 3088 VIIIlIX
2032 3046 2120 3078 inter

197 3110 366 3152 epitomen
390 3109 551 3141 Monachi
575 3106 726 3139 novellas
744 3105 974 3138 Valentiniani
1002 3102 1054 3144 16,
1072 3104 1087 3135 1
1114 3107 1148 3135 et
1172 3101 1226 3141 24,
1249 3101 1263 3132 1
1291 3098 1429 3142 [Theod.
1451 3100 1491 3138 ΙΙ,
1518 3109 1549 3140 p.
1572 3096 1632 3128 101
1659 3102 1693 3128 et
1718 3091 1796 3135 117]
1825 3094 1935 3125 habet.

316 3165 345 3208 ⁴)
369 3165 498 3198 Conrat
521 3166 547 3204 Ι,
570 3163 628 3196 141
646 3174 710 3206 sq.,
738 3162 806 3196 218
820 3173 869 3204 sq.
895 3168 928 3195 et
952 3159 1035 3201 332;
1068 3159 1171 3192 Flach
1197 3156 1241 3190 82
1255 3169 1322 3199 sq.;
1354 3156 1492 3188 Halban
1519 3155 1560 3195 II,
1579 3151 1662 3192 32&
1689 3153 1878 3184 Mommsen
1904 3150 1937 3181 in
1964 3149 2016 3180 his
2042 3150 2119 3180 Pro-

197 3212 385 3255 legomenis
409 3223 441 3255 p.
460 3211 623 3244 LXXXII
636 3221 685 3251 sq.

317 3271 345 3312 ⁸)
370 3271 501 3304 Haenel
527 3271 626 3302 LRV.
653 3268 810 3302 XXV1²³
834 3274 867 3300 et
892 3266 975 3306 <2523
1003 3267 1192 3298 Mommsen
1217 3263 1251 3294 in
1276 3262 1329 3294 his
1354 3261 1486 3302 Proleg.
1514 3259 1573 3291 XC
1598 3263 1631 3290 et
1654 3257 1742 3289 XCI.

317 3327 345 3371 ³)
370 3329 422 3362 De
447 3328 562 3361 codice
586 3328 613 3360 P
643 3328 774 3366 confer,
805 3336 894 3368 quae
920 3324 1101 3357 Caillemer
1125 3321 1211 3354 dixit
1241 3321 1276 3352 in
1301 3318 1481 3351 Memoires
1511 3317 1551 3348 de
1577 3314 1773 3348 l'aeademie
1802 3314 1842 3346 de
1868 3314 1981 3356 Lyon,
2013 3311 2119 3344 classe

193 3378 260 3411 des
282 3377 400 3410 lettres
424 3375 501 3413 XX,
520 3373 574 3407 68.
