2485 3615
168 3070 298 3105 Florus

962 787 1652 850 PROLEGOMENA

471 904 567 965 IN
612 902 1392 966 CONSTITVTIONES
1440 903 2171 966 SIRMONDIANAS.

457 1106 608 1153 Sylloge
635 1106 960 1147 constitutionum,
988 1118 1083 1150 quae
1115 1118 1137 1141 a
1163 1106 1283 1151 primo
1310 1106 1473 1142 universi
1500 1106 1664 1151 corporis
1689 1106 1831 1142 editore
1857 1106 2118 1142 sirmondiana
2142 1119 2279 1142 nuncu-

340 1165 462 1209 patur,
489 1164 537 1198 ad
561 1176 628 1200 nos
646 1163 817 1209 pervenit
842 1163 920 1199 sine
939 1163 1183 1208 inscriptione
1205 1163 1263 1199 vel
1289 1163 1565 1208 subscriptione
1594 1164 1674 1199 ulla
1683 1178 1690 1205 ;
1715 1176 1803 1199 nam
1819 1175 1914 1208 quae
1939 1176 2006 1209 pro
2029 1164 2150 1210 ipsius
2166 1164 2281 1200 titulo

341 1224 500 1266 accepta
525 1225 612 1257 sunt
636 1221 869 1268 praescripta
895 1221 936 1256 de
962 1222 1150 1265 episcopali
1175 1221 1323 1264 iudicio,
1351 1233 1395 1256 ea
1415 1221 1570 1256 dubium
1597 1234 1670 1257 non
1695 1224 1752 1258 est
1776 1222 1964 1268 pertinere
1990 1222 2038 1257 ad
2061 1222 2180 1257 solam
2197 1234 2279 1257 con-

339 1278 576 1315 stitutionem
600 1280 771 1325 primam.
814 1279 989 1314 Videmur
1015 1290 1097 1314 eam
1123 1279 1261 1314 habere
1287 1279 1447 1324 plenam,
1475 1290 1561 1313 nam
1588 1291 1610 1314 a
1636 1279 1762 1315 codice
1788 1279 1897 1315 unico
1922 1279 2071 1326 integro
2094 1280 2194 1324 quod
2217 1280 2280 1315 ab·

338 1338 424 1371 sunt
450 1337 570 1382 prima
596 1337 710 1373 verba
735 1336 911 1372 restituta
936 1348 1055 1382 nuper
1080 1348 1124 1372 ex
1150 1337 1355 1382 exemplari
1381 1348 1403 1371 a
1428 1336 1572 1382 sylloge
1600 1336 1743 1378 alieno,
1773 1337 1813 1372 id
1838 1339 1968 1372 contra
1993 1337 2162 1383 syllegae
2187 1338 2283 1374 inte-

338 1396 516 1442 gritatem
541 1407 614 1430 non
631 1394 771 1440 poterit
789 1394 967 1440 adlegari,
994 1406 1078 1429 cum
1103 1394 1202 1429 adsit
1228 1394 1267 1428 in
1293 1394 1423 1430 eodem
1451 1393 1658 1440 inscriptio,
1677 1394 1898 1439 videturque
1916 1395 2036 1440 magis
2054 1395 2282 1441 principium

338 1452 453 1487 minio
490 1452 646 1488 fortasse
683 1451 864 1497 scriptum
901 1452 939 1486 in
973 1452 1181 1497 archetypo
1217 1452 1420 1487 evanuisse.
1478 1452 1662 1492 Continet,
1688 1452 1978 1489 constitutiones
2012 1453 2282 1498 imperatorum

338 1510 587 1546 Romanorum
612 1521 764 1545 numero
789 1509 949 1545 sedecim
975 1510 1076 1553 (nam
1102 1521 1197 1554 quae
1229 1521 1296 1555 pro
1323 1509 1428 1544 XVII
1454 1513 1493 1545 et
1520 1510 1646 1544 XVIII
1676 1513 1936 1549 numerantur,
1971 1523 2085 1556 supra
2117 1523 2152 1557 p.
2179 1511 2282 1546 LXII

339 1568 499 1603 vidimus
524 1569 720 1612 excerptas
745 1579 822 1603 esse
847 1579 891 1602 ex
910 1566 1170 1602 Theodosiano
1197 1569 1235 1602 et
1260 1569 1409 1602 nostrae
1435 1567 1604 1613 syllogae
1630 1568 1670 1602 in
1695 1567 1822 1604 codice
1843 1568 2020 1613 primario
2047 1568 2280 1614 subiunctas)

337 1637 456 1670 neque
483 1625 530 1660 ad
555 1628 703 1670 tempus
727 1636 856 1669 neque,
883 1626 1066 1669 quantum
1084 1624 1236 1669 quidem
1260 1625 1368 1660 nobis
1394 1627 1569 1670 apparet,
1597 1626 1644 1660 ad
1670 1625 1785 1660 aliam
1810 1625 1927 1660 ullam
1950 1625 2120 1671 regulam
2137 1626 2281 1661 ordina-

337 1685 411 1725 tas,
444 1683 507 1719 sed
538 1685 761 1718 numeratas.
812 1682 919 1717 Certe
952 1682 990 1716 in
1017 1682 1143 1718 codice
1175 1682 1241 1717 illo
1276 1682 1454 1728 primario
1483 1682 1627 1718 numeri
1652 1682 1834 1728 adscripti
1866 1685 1953 1718 sunt
1983 1682 2031 1719 ad
2056 1683 2174 1718 XIIII.
2201 1682 2281 1718 XV.

337 1740 435 1782 XVI,
461 1741 627 1785 itemque
651 1740 699 1774 ad
724 1740 828 1781 XIII,
856 1739 921 1784 qui
946 1752 1119 1776 numerus
1143 1739 1182 1774 in
1210 1741 1355 1786 sylloge
1382 1739 1612 1783 Corbciensi,
1639 1752 1735 1785 quae
1761 1741 1858 1776 hanc
1883 1742 2007 1787 legem
2032 1752 2077 1776 ex
2101 1740 2186 1786 ipsa
2209 1741 2281 1776 hac

336 1800 481 1846 sylloge
506 1800 655 1834 videtur
680 1799 963 1844 deprompsisse,
989 1799 1029 1834 in
1046 1800 1167 1834 XLIII
1194 1802 1391 1845 corruptus
1417 1802 1484 1835 est.
1512 1819 1556 1824 -—
1581 1800 1635 1834 Ex
1660 1798 1994 1835 constitutionibus
2019 1798 2282 1843 antiquissima

338 1860 394 1894 est
420 1858 542 1903 prima
568 1857 803 1892 Constantini
828 1869 859 1892 a.
879 1858 957 1898 333,
983 1857 1239 1893 recentissima
1267 1860 1373 1893 sexta
1390 1857 1654 1892 Valentiniani
1680 1858 1734 1892 III
1760 1868 1793 1892 a.
1809 1857 1889 1892 425.
1938 1856 2102 1891 Dubium
2125 1868 2198 1891 non
2224 1859 2282 1892 est

337 1915 507 1961 syllogen
533 1915 775 1959 compilatam
800 1927 877 1951 esse
903 1917 990 1951 ante
1015 1915 1254 1961 publicatum
1283 1915 1450 1951 codicem
1477 1915 1793 1957 Theodosianum,
1828 1927 1911 1950 cum
1945 1926 2028 1951 eum
2058 1926 2132 1949 non
2161 1914 2281 1949 solum

338 1985 411 2008 non
437 1973 596 2019 adleget,
623 1973 686 2007 sed
713 1973 999 2009 constitutiones
1024 1973 1063 2008 in
1089 1985 1174 2009 eum
1200 1976 1373 2018 receptas
1399 1974 1602 2019 bipertitas
1628 1976 1666 2009 et
1692 1972 1942 2014 abbreviatas,
1969 1973 2099 2018 plenas
2125 1974 2163 2008 et
2187 1973 2280 2007 inte-

338 2041 424 2076 gras
448 2032 649 2076 proponat,
684 2033 724 2066 at
754 2031 1005 2075 probabiliter
1030 2033 1219 2066 statuetur
1245 2030 1496 2067 Theodosiani
1525 2031 1788 2076 compilatores
1819 2042 1903 2066 usos
1935 2041 2013 2065 esse
2031 2029 2075 2064 ‘si
2100 2042 2173 2066 non
2198 2029 2282 2076 ipsa

338 2088 409 2123 hac
434 2087 588 2134 sylloge,
616 2090 714 2123 certe
740 2087 855 2123 simili
874 2100 992 2133 eaque
1012 2088 1160 2123 omnino
1179 2088 1345 2134 pleniore
1371 2100 1415 2124 ex
1434 2088 1636 2124 Occidente
1661 2088 1710 2123 ad
1735 2100 1772 2124 se
1799 2088 1940 2124 adlata.
1983 2087 2279 2124 Constitutiones

338 2148 426 2181 sunt
451 2144 548 2180 aliae
575 2145 836 2188 occidentales,
863 2146 1065 2182 orientales
1084 2146 1129 2190 (3.
1148 2146 1183 2190 8)
1202 2146 1315 2187 aliae;
1341 2146 1585 2182 nihilominus
1610 2146 1782 2192 syllogen
1798 2146 1999 2181 formatam
2023 2157 2101 2181 esse
2121 2147 2282 2191 apparet

338 2203 377 2237 in
400 2203 572 2248 partibus
591 2203 805 2238 Occidentis
814 2218 822 2245 ;
848 2207 973 2239 utrum
995 2204 1036 2239 in
1053 2203 1180 2239 Gallia
1204 2215 1253 2238 an
1277 2203 1318 2238 in
1337 2204 1474 2246 Africa,
1502 2206 1606 2239 certo
1633 2203 1755 2239 decidi
1780 2215 1854 2239 non
1877 2206 2014 2249 potest.
2057 2203 2119 2238 Illi
2145 2202 2282 2249 origini

338 2261 443 2296 favet
469 2260 688 2296 constitutio
713 2263 819 2296 sexta
844 2262 884 2296 in
908 2262 978 2297 hoc
1005 2273 1157 2307 corpore
1183 2261 1365 2307 inscripta
1390 2262 1582 2307 praefecto
1599 2261 1790 2307 praetorio
1810 2260 2028 2303 Galliarum,
2055 2272 2139 2296 cum
2163 2271 2282 2296 exem-

339 2318 485 2363 plorum
517 2318 671 2353 duorum
695 2319 907 2365 fragmenta
933 2319 1194 2355 Theodosiano
1222 2320 1275 2362 16,
1294 2321 1325 2361 2,
1343 2321 1398 2355 47.
1427 2320 1479 2362 16,
1499 2321 1530 2362 5,
1550 2320 1605 2355 62.
1624 2320 1669 2355 64
1702 2319 1843 2356 inserta
1868 2317 2051 2364 inscripta
2076 2318 2153 2354 sint
2176 2330 2281 2364 prae-

339 2376 438 2411 fecto
464 2376 548 2411 urbi
574 2378 611 2411 et
638 2376 766 2412 comiti
790 2376 844 2411 rei
868 2377 1056 2423 privatae;
1088 2377 1193 2419 huic,
1220 2378 1319 2422 quod
1344 2377 1392 2412 ad
1418 2378 1706 2413 constitutiones
1731 2377 1822 2412 duas
1848 2379 2022 2421 quartam
2047 2378 2085 2412 et
2111 2375 2282 2412 duodeci-

339 2446 438 2468 mam
464 2434 686 2469 adnotatum
712 2435 768 2468 est
794 2434 918 2470 venire
943 2446 1005 2470 eas
1031 2447 1075 2471 ex
1099 2435 1280 2481 exemplis
1306 2435 1509 2481 propositis
1535 2435 1783 2480 Karthagine.

458 2492 636 2538 Syllogen
654 2492 954 2528 Sirmondianam
972 2493 1031 2528 vel
1058 2493 1106 2528 ad
1131 2505 1214 2529 eam
1230 2493 1502 2539 pertinentium
1528 2492 1839 2529 constitutionum
1865 2492 2012 2536 aliquot
2029 2492 2089 2527 vel
2115 2491 2282 2537 aliquam

341 2549 520 2585 exhibent
547 2549 690 2584 codices
715 2550 779 2594 qui
805 2553 1021 2594 sequuntur.

461 2606 708 2642 Berolinensis
739 2607 1038 2653 Phillippsianus
1065 2609 1153 2643 1745
1187 2608 1295 2652 (Rose
1327 2621 1361 2643 n.
1386 2608 1447 2649 83;
1486 2608 1530 2643 cf.
1556 2609 1727 2643 Maassen
1754 2608 1904 2652 Quellen
1931 2609 1960 2649 1,
1978 2609 2077 2652 775),
2107 2607 2215 2643 nobis
2239 2607 2280 2650 Z,

341 2675 435 2699 saec.
453 2664 644 2708 VIIsVIII,
678 2665 881 2709 aliquando
911 2668 1009 2701 teste
1041 2666 1236 2701 Sirmondo
1261 2666 1532 2712 ‘Lugdunensis
1565 2666 1745 2702 ecclesiae
1774 2664 2113 2711 metropolitanae’,
2144 2665 2278 2701 deinde

342 2722 649 2757 Claromontanus
675 2722 752 2757 sive
779 2723 978 2765 Sirmondi,
1013 2724 1112 2759 solus
1144 2723 1355 2759 universam
1386 2724 1558 2770 syllogen
1583 2723 1894 2759 constitutionum
1918 2722 2080 2760 sedecim
2103 2723 2279 2758 servavit.

340 2779 492 2824 Sylloge
518 2791 742 2824 quamquam
768 2783 806 2815 et
830 2781 944 2816 titulo
970 2780 1121 2826 proprio
1147 2782 1185 2816 et
1211 2780 1486 2826 subscriptione
1513 2782 1632 2822 caret,
1666 2780 1815 2816 videtur
1840 2780 1988 2826 integra
2018 2780 2058 2815 in
2082 2780 2153 2815 hoc
2183 2780 2279 2816 libro

343 2836 538 2877 contineri,
566 2848 684 2880 neque
711 2837 806 2872 enim
826 2837 1029 2882 quicquam
1055 2838 1109 2872 ibi
1135 2838 1239 2874 deest
1264 2840 1341 2872 tarn
1368 2849 1390 2873 a
1415 2838 1602 2883 principio
1629 2850 1741 2882 quam
1766 2838 1805 2873 in
1829 2838 1915 2879 fine;
1941 2837 2171 2884 praecedunt
2196 2849 2278 2873 con-

343 2893 431 2929 cilia
456 2893 604 2929 Gallica
629 2894 779 2939 aliaque
806 2895 1064 2931 ecclesiastica
1094 2897 1196 2940 apud
1224 2896 1376 2932 Rosium
1401 2895 1606 2941 diligenter
1629 2895 1830 2939 recensita,
1865 2897 2073 2940 sequuntur
2103 2897 2280 2941 excerpta

343 2962 387 2986 ex
412 2951 538 2986 codice
565 2951 839 2995 Theodosiano,
867 2953 911 2988 de
937 2953 1072 2997 quibus
1097 2965 1210 2998 supra
1235 2955 1284 2998 (p.
1305 2953 1420 2993 LXII)
1446 2953 1605 2999 egimus,
1639 2952 1774 2998 quibus
1800 2965 1883 2988 cum
1906 2953 1978 2988 hac
2004 2952 2149 2999 sylloge
2174 2952 2279 2988 nulla

343 3008 549 3042 communio
577 3009 724 3044 videtur
748 3020 835 3045 esse.

462 3065 591 3100 Florus
609 3067 788 3103 ecclesiae
806 3067 1062 3113 Lugdunensis
1080 3068 1258 3103 diaconus
1284 3069 1492 3113 imperante
1510 3069 1698 3104 Ludovico
1723 3068 1787 3114 pio
1812 3079 1885 3102 non
1911 3067 2090 3113 ignobilis
2108 3068 2279 3114 (egerunt

343 3122 388 3157 de
414 3133 456 3157 eo
483 3122 686 3167 diligenter
704 3123 865 3158 Maur-ini
890 3124 971 3158 hist.
990 3125 1055 3159 litt.
1081 3124 1124 3159 de
1150 3126 1185 3158 la
1211 3125 1355 3160 France
1379 3125 1450 3160 vol.
1469 3126 1490 3159 5
1516 3125 1637 3171 [1740]
1663 3138 1698 3170 p.
1716 3125 1784 3160 213
1798 3125 1889 3170 seq.)
1915 3126 2045 3160 contra
2064 3124 2279 3160 Modoinum

342 3179 711 3224 Augustodunensem
738 3181 952 3226 episcopum
979 3184 1016 3217 et
1043 3193 1191 3217 carmen
1217 3181 1354 3217 direxit
1379 3182 1522 3217 editum
1547 3183 1647 3228 apud
1665 3183 1927 3218 Mabillonium
1952 3183 2024 3216 vet.
2042 3181 2142 3217 anal.
2160 3182 2279 3226 (1723)

339 3247 374 3280 p.
398 3236 466 3270 414
497 3238 534 3271 et
566 3238 871 3272 commentarium
904 3238 1129 3283 composuit,
1169 3238 1272 3274 cuius
1303 3240 1394 3275 duas
1425 3240 1604 3276 habemus
1636 3240 1837 3285 epitomas,
1869 3240 2028 3276 alteram
2061 3239 2207 3274 editam'
2233 3250 2278 3275 ex

339 3292 477 3328 ‘codice
509 3294 630 3328 sancti
655 3293 815 3328 Mariani
841 3295 1041 3330 Autissiod.
1066 3307 1097 3331 o.
1122 3296 1171 3341 p?
1196 3297 1296 3341 apud
1323 3297 1506 3341 d'Achery
1533 3297 1653 3342 spicil.
1679 3300 1769 3332 tom.
1790 3298 1831 3332 12
1858 3297 1976 3340 (1675)
2007 3308 2044 3342 p.
2061 3296 2107 3332 48
2120 3307 2196 3340 seq.
2222 3295 2276 3330 in-

340 3349 519 3393 scriptam
543 3350 626 3385 laeaec
651 3361 674 3382 α
698 3350 825 3386 donmo
850 3353 965 3387 Floro
990 3353 1065 3387 viro
1085 3353 1264 3397 prudenti
1287 3354 1425 3388 collecta
1450 3358 1535 3388 sunt
1562 3365 1605 3388 ex
1634 3355 1705 3397 leye
1733 3358 1765 3389 et
1787 3364 1923 3388 canone
1953 3354 2166 3389 enarratam
2190 3351 2274 3388 dili-
