2501 3615
956 142 1000 150 —
1049 121 1224 160 XXXVII
1272 144 1316 151 —-

262 226 366 264 brevi
390 226 457 263 sub
483 224 614 262 Gothis
639 226 805 267 fuerunt,
837 230 874 263 et
901 228 1119 274 pependisse
1146 228 1294 265 videtur
1318 241 1390 264 non
1416 231 1493 265 tam
1519 240 1541 264 a
1568 228 1856 266 Commonitorio
1880 230 2093 268 Alariciano

261 287 499 331 (quamquam
523 284 561 319 id
586 296 731 329 quoque
757 285 919 330 aliquem
946 287 1066 322 locum
1098 287 1135 322 in
1167 299 1211 323 ea
1235 298 1272 322 re
1298 287 1473 323 habuisse
1502 287 1649 323 videtur
1673 290 1804 334 utpote
1834 293 2025 336 receptum
2056 291 2094 326 in

262 345 445 390 epitomas
463 344 672 389 plerasque)
695 356 804 388 quam
832 356 854 380 a
879 344 968 379 iuris
986 345 1142 380 Romani
1165 345 1337 392 legitima
1359 346 1550 392 agnitione
1569 347 1714 382 civibus
1731 347 1906 383 Romanis
1924 349 2094 385 omnibus

261 406 298 438 et
324 401 469 437 clericis
494 401 727 446 potissimum
747 414 811 446 per
829 402 975 437 diversa
1000 415 1114 447 regna
1135 403 1282 438 Gallica
1307 403 1529 449 degentibus
1555 404 1755 445 coinmuni;
1782 416 1854 449 quo
1880 405 1971 441 item
1996 409 2094 443 recte

261 458 397 495 trahes,
424 458 522 502 quod
547 458 686 503 passini
711 458 894 503 reperitur
919 459 1145 494 breviarium
1171 462 1322 495 auctum
1349 472 1393 496 ex
1419 460 1527 496 Pauli
1553 461 1750 497 sententiis
1776 462 1897 507 plenis
1923 466 1961 499 ct
1980 464 2095 499 Theo-

261 515 414 550 dosi-ano
433 515 662 560 novellisque
680 515 759 551 eius
782 516 872 551 item
896 516 1016 561 plenis
1034 517 1290 562 reperiturque
1311 517 1401 553 item
1419 518 1657 554 coniunctum
1676 531 1759 554 cum
1776 520 1930 566 vUlpiani
1957 522 2096 567 regulis

262 576 299 608 et
332 573 414 617 lege
440 572 606 608 Romana
634 574 952 618 Burgundionum,
987 574 1204 619 posthabito
1237 575 1336 610 iussu
1363 576 1502 611 Alarici
1529 577 1643 623 regis,
1678 589 1750 621 quo
1780 590 1886 612 usum
1919 578 2096 614 librorum

260 630 352 665 iuris
375 630 531 665 Romani
557 631 712 666 alioruin
740 631 776 666 in
802 643 867 666 suo
893 643 1004 677 regno
1030 631 1283 668 interdixerat.

184 700 236 735 10.
263 699 459 735 Praeterea
479 699 649 744 quaestio
667 699 794 741 oritur,
820 711 940 734 annon
965 699 1142 734 breviarii
1167 713 1272 734 usum
1293 701 1471 736 forensem
1492 702 1649 738 Karolus
1675 715 1831 749 magnus
1856 716 1927 739 non
1953 704 2096 739 stabili-

264 757 358 793 verit
376 756 535 801 quidcm.
560 758 623 792 sed
642 756 876 792 confirmarit.
919 757 1017 791 Nam
1039 758 1080 790 ut
1103 757 1296 792 mittamus
1314 758 1412 802 quod
1435 759 1483 794 ad
1501 760 1691 805 exemplar
1707 761 1891 805 quoddam
1911 761 2097 806 epitomae

261 814 492 861 Aegidianae
518 815 636 850 denuo
655 814 847 851 breviatae
866 815 958 858 (cod.
975 815 1140 850 Ainbros.
1161 816 1189 849 A
1203 816 1248 850 46
1267 815 1329 849 inf.
1349 828 1443 851 saec.
1459 816 1504 861 X)
1523 816 1744 863 inscriptum
1761 818 1879 854 ‘tituli
1904 819 2027 865 legum
2054 832 2098 856 ex

257 873 424 918 ‘corpore
450 872 701 908 Theodosiani
725 872 889 908 breviter
913 872 1107 908 succincti’
1131 872 1168 907 in
1193 873 1360 919 margine
1386 873 1616 920 adscriptum
1642 878 1712 911 est:
1737 877 1842 912 ‘haec
1879 878 2048 922 capitula
2074 890 2096 913 a

258 931 409 966 ‘Karolo
434 930 553 976 primo
578 932 616 965 et
643 930 776 975 Pipino
801 929 876 965 filio
902 930 979 965 eius
1005 930 1102 966 inter
1127 931 1228 975 leges
1252 931 1475 966 Francorum
1503 936 1676 977 receptae
1702 934 1834 979 sunt'1)
1861 956 1901 960 —
1928 946 1972 971 ea
1998 935 2096 971 enim

260 989 385 1030 verba,
411 1000 496 1023 cum
516 988 554 1022 in
571 988 699 1024 eodem
719 987 904 1022 volumine
922 987 1020 1023 iuter
1036 988 1112 1023 alia
1134 988 1253 1023 multa
1273 988 1386 1023 etiam
1406 992 1581 1034 excerpta
1607 990 1868 1027 contineantur
1893 1005 1936 1028 ex
1956 993 2099 1039 capitu-

260 1046 365 1081 lariis
382 1045 522 1087 Karoli,
546 1046 594 1080 ad
611 1045 756 1080 librarii
773 1045 1029 1091 opinationem
1046 1049 1146 1081 recte
1162 1046 1360 1081 referemus
1378 1067 1432 1088 -,
1458 1047 1564 1083 adest
1582 1047 1620 1082 in
1637 1048 1800 1085 editione
1819 1049 2098 1086 Commonitorii

262 1103 465 1140 Cuiaciana
489 1115 522 1139 a.
540 1104 628 1138 1566
653 1103 700 1138 ad
725 1104 831 1139 finem
859 1103 1052 1139 adnotatio
1084 1104 1193 1139 haec:
1225 1104 1276 1140 ‘et
1306 1103 1441 1140 iterum
1465 1105 1682 1151 ‘recognita’
1705 1118 1800 1142 anno
1827 1107 1893 1141 XX
1918 1110 2097 1154 regnante

259 1161 410 1197 ‘Karolo
433 1172 520 1207 rege
543 1161 764 1196 Francorum
791 1163 830 1195 et
855 1161 1181 1207 Langobardorum
1207 1165 1245 1198 et
1269 1162 1431 1207 patricio
1457 1163 1727 1198 Romanorum’.
1777 1164 1877 1201 Haec
1904 1165 2098 1202 adnotatio

260 1230 486 1264 quamquam
510 1229 582 1253 non
605 1219 790 1263 reperitur
814 1218 851 1253 in
877 1219 954 1254 ullo
981 1219 1107 1255 codice
1133 1219 1243 1254 hodie
1268 1221 1367 1261 noto,
1394 1219 1512 1255 nihilo
1536 1220 1656 1256 minus
1675 1221 1736 1256 vix
1754 1222 1908 1257 dubium
1934 1225 1990 1258 est
2016 1235 2098 1259 eam

261 1288 284 1312 a
307 1276 458 1312 Cuiacio
483 1278 672 1322 sumptam
697 1288 774 1312 esse
800 1288 843 1311 ex
869 1277 995 1321 aliquo
1020 1277 1115 1313 libro
1141 1277 1334 1323 deperdito
1360 1277 1437 1314 sive
1463 1278 1639 1314 breviarii
1666 1279 1782 1325 ipsius
1808 1280 1885 1316 sive
1910 1280 2098 1326 epitomae

259 1333 509 1381 Aegidianae;
537 1337 575 1370 et
601 1337 749 1370 constat
776 1334 968 1370 Cuiacium
992 1347 1098 1370 usum
1123 1346 1202 1370 esse
1226 1338 1374 1380 praeter
1399 1336 1628 1381 exemplaria
1652 1337 1761 1373 hodie
1788 1341 1876 1373 nota
1901 1350 1973 1373 uno
1999 1341 2098 1374 certe

259 1392 437 1428 breviarii
472 1393 590 1438 pleni,
628 1393 858 1439 Aegidianae
893 1397 1019 1429 autem
1053 1393 1239 1439 epitomae
1275 1393 1352 1430 sine
1387 1394 1500 1429 dubio
1534 1394 1703 1439 pluribus
1736 1395 1845 1430 hodie
1883 1395 2098 1441 deperditis,

259 1450 417 1486 Accedit
442 1451 540 1495 quod
564 1462 660 1486 anno
687 1463 795 1496 quem
826 1451 1052 1497 subscriptio
1083 1451 1272 1498 significat
1297 1452 1364 1486 788
1394 1451 1498 1487 tituli
1524 1452 1672 1498 egregie
1697 1454 1921 1498 respondent
1931 1455 1957 1498 2)
1981 1465 2099 1498 neque

265 1507 465 1553 quicquam
491 1508 638 1544 videtur
663 1509 821 1551 obstare,
848 1509 1044 1554 quominus
1069 1509 1162 1545 haec
1187 1513 1364 1555 excerpta
1390 1510 1587 1546 credantur
1611 1522 1655 1545 ex
1681 1511 1905 1556 capitulario
1931 1510 2009 1546 eius
2034 1511 2099 1546 ali-

261 1577 334 1610 quo
365 1565 572 1611 deperdito.
622 1567 779 1602 Karolus
805 1579 888 1602 cum
920 1567 1023 1602 dicat
1048 1567 1086 1602 in
1111 1567 1260 1603 exordio
1287 1567 1503 1613 capitularii
1528 1568 1800 1614 Aquigranenis
1825 1581 1857 1603 a.
1875 1568 2001 1613 809s13
2029 1570 2097 1611 (ed.

259 1623 432 1660 Boretius
457 1624 560 1659 voLl
580 1637 615 1669 p.
633 1625 711 1666 170)
738 1625 907 1670 capitula
933 1637 976 1661 ea
1003 1625 1239 1661 constit-uisse
1266 1637 1303 1661 se
1328 1637 1372 1660 ex
1398 1626 1480 1672 lege
1507 1626 1641 1668 Salica‚
1667 1626 1834 1662 Romana
1860 1629 1974 1671 atque
1994 1627 2099 1662 Gom-

261 1682 366 1724 bata,
398 1681 647 1727 probabiliter
677 1684 719 1717 ut
750 1682 788 1717 in
814 1682 938 1718 Salica
963 1686 1075 1728 atque
1103 1683 1340 1729 Burgundica
1373 1683 1427 1718 ita
1453 1683 1568 1719 etiam
1594 1683 1631 1718 in
1657 1684 1823 1720 Romana
1849 1684 2031 1730 cogitavit
2056 1685 2100 1720 de

262 1742 366 1775 certa
388 1739 473 1785 lege
497 1739 653 1784 scripta,
687 1751 782 1784 quae
809 1739 870 1774 vix
895 1739 971 1775 alia
996 1752 1074 1776 esse
1100 1741 1225 1785 potuit
1250 1742 1362 1785 atque
1388 1740 1620 1784 Alariciana,
1653 1743 1691 1776 et
1721 1744 1763 1777 ut
1793 1743 1923 1777 extant
1955 1741 2100 1777 addita-

259 1799 387 1832 menta
411 1796 529 1842 ipsius
557 1797 606 1832 ad
630 1797 751 1843 legem
776 1797 1037 1833 Ribuariorum
1062 1798 1099 1841 (l.
1119 1810 1148 1833 c.
1169 1810 1202 1843 p.
1224 1799 1302 1842 117)
1326 1800 1365 1833 et
1390 1798 1674 1834 Baiuvariorum
1698 1799 1734 1843 (l.
1753 1811 1782 1835 c.
1802 1812 1836 1844 p.
1855 1800 1948 1844 157),
1981 1802 2019 1835 et
2043 1811 2100 1834 res

261 1853 415 1889 Italicas
439 1854 615 1889 ordinans
640 1853 695 1890 ait
721 1865 851 1890 causas
876 1855 1072 1899 plerasque
1096 1855 1154 1890 ‘ex
1171 1854 1337 1890 Romana
1360 1867 1424 1890 seu
1441 1855 1768 1901 Langobardorum
1789 1857 1885 1902 lege'
1901 1856 2100 1892 diiudicari

259 1911 444 1958 potuisse,
478 1913 662 1957 quaedam
692 1915 818 1948 tamen
841 1912 1049 1958 repperisse
1079 1925 1115 1949 se
1142 1912 1187 1947 iis
1213 1913 1383 1948 addenda
1407 1913 1443 1958 (l.
1463 1926 1492 1949 c.
1512 1926 1546 1959 p.
1566 1914 1661 1958 204),
1694 1913 1819 1959 potuit
1851 1913 2024 1949 similiter
2053 1914 2101 1949 ad

261 1970 472 2015 exemplum
499 1969 641 2005 Alarici
674 1970 796 2015 legem
828 1970 1032 2005 Romanam
1065 1970 1104 2005 in
1135 1970 1260 2006 Gallia
1289 1973 1480 2017 receptam
1512 1971 1646 2007 emissa
1677 1971 1942 2007 constitutione
1975 1972 2100 2007 confir—

222 2050 227 2054 ·
260 2039 373 2064 mare.
418 2027 538 2063 Favet
567 2028 602 2063 ei
628 2027 863 2064 coniecturae
894 2028 1062 2063 codicum
1094 2029 1270 2064 breviarii
1302 2029 1412 2074 copia
1443 2030 1490 2064 ab
1517 2032 1642 2065 aetate
1668 2029 1909 2075 Karolingica
1935 2041 2099 2066 crescens

261 2089 310 2128 et,
336 2086 367 2122 si
390 2086 573 2122 rationem
598 2085 778 2121 habemus
804 2086 1081 2121 decurtatorum
1105 2089 1143 2122 et
1168 2086 1468 2132 epitomatorum,
1496 2099 1579 2123 vere
1605 2087 1744 2134 ingens.
1792 2088 1923 2132 Itaque
1950 2087 2102 2123 adnota-

261 2143 358 2180 tioni
383 2144 418 2179 ei
441 2144 550 2180 fidem
577 2156 641 2179 cur
666 2144 898 2190 denegemus,
926 2156 1038 2179 causa
1062 2144 1167 2179 nulla
1192 2148 1258 2180 est.

283 2225 338 2261 De
354 2224 664 2270 interpretatione
685 2223 772 2266 sive,
798 2227 841 2260 ut
864 2224 1081 2270 appellatur
1098 2224 1137 2259 in
1154 2224 1248 2260 libro
1270 2224 1308 2266 O,
1335 2224 1608 2270 explanatione,
1636 2237 1747 2270 quam
1772 2225 1929 2271 singulis
1955 2225 2102 2272 legibus

170 2283 373 2329 prudentes
398 2282 514 2319 Gothi
538 2282 778 2324 addiderunt,
812 2283 882 2317 hoc
907 2283 987 2317 loco
1018 2293 1089 2317 non
1115 2285 1262 2328 agetur;
1296 2294 1381 2317 nam
1412 2295 1484 2318 non
1513 2285 1570 2318 est
1602 2282 1739 2320 aetatis
1764 2283 1953 2319 Romanae
1980 2286 2017 2318 et
2043 2295 2100 2319 ex-

169 2340 366 2386 pendenda
389 2340 446 2383 iis,
471 2340 536 2385 qui
559 2352 680 2376 rerum
703 2338 819 2375 medii
843 2339 928 2375 aevi
955 2351 1080 2374 curam
1105 2342 1232 2385 agunt.
1276 2339 1354 2385 Ego
1381 2340 1472 2375 satis
1497 2340 1613 2375 habui
1645 2343 1790 2377 textum
1821 2353 2008 2377 recensere
2041 2342 2102 2376 ad-

170 2398 250 2434 dito
274 2401 462 2444 apparatu
487 2398 610 2443 quoad
634 2397 778 2433 codices
803 2398 933 2443 plenos
958 2398 1085 2443 pleno;
1113 2398 1325 2433 decurtatos
1351 2398 1449 2433 enim
1473 2398 1607 2444 sprevi.
1649 2398 1752 2434 Libri
1777 2398 1892 2434 nostri
1917 2398 2101 2434 Breviarii

171 2455 423 2501 antiquissimi
447 2468 530 2491 cum
554 2458 680 2491 aetate
705 2455 753 2491 ad
778 2455 899 2501 ipsam
924 2467 1039 2500 prope
1065 2455 1256 2497 accedant,
1282 2455 1525 2491 nihilominus
1550 2467 1669 2500 neque
1693 2455 1951 2492 addit-amenta
1969 2456 2102 2492 desunt

169 2513 320 2550 Alarico
352 2513 559 2559 posteriora
580 2512 765 2549 Breviarii
796 2511 902 2548 libris
934 2512 1103 2547 omnibus
1135 2513 1357 2555 communia,
1393 2512 1489 2548 sieut
1523 2513 1838 2549 demonstrabitur
1870 2513 1905 2547 in
1941 2512 2102 2548 editione

170 2570 429 2613 Novellarum,
456 2573 494 2606 et
518 2570 773 2612 inveniuntur,
800 2582 1026 2615 quamquam
1050 2581 1148 2612 raro,
1175 2570 1408 2616 corruptelae
1433 2582 1580 2614 quoque
1605 2569 1778 2605 similiter
1803 2570 1972 2606 omnibus
1997 2570 2102 2605 libris

171 2640 392 2670 communeS,
417 2630 460 2664 ut
483 2628 516 2670 3,
533 2629 585 2669 12,
599 2628 631 2670 3,
647 2629 687 2662 *7
712 2629 795 2662 certi
822 2628 880 2664 vel
905 2631 991 2663 certe
1016 2639 1083 2673 pro
1109 2628 1191 2662 teo-ti
1208 2648 1251 2652 --
1270 2629 1301 2669 5,
1315 2628 1346 2669 9,
1362 2629 1393 2669 2,
1410 2629 1452 2664 10
1476 2639 1573 2672 quem
1598 2640 1664 2673 pro
1689 2629 1858 2672 quoniam
1887 2649 1925 2653 -
1947 2629 2101 2670 12,1,47

164 2690 326 2731 praeter
342 2697 408 2732 pro
436 2689 617 2730 praeta-ea
641 2706 685 2711 —
710 2685 849 2721 Theod.
868 2697 949 2721 nov.
968 2686 1023 2727 22,
1039 2686 1060 2720 2
1078 2685 1264 2730 pracsidio
1289 2697 1356 2731 pro
1382 2685 1425 2720 de
1449 2685 1600 2720 residuo.

293 2805 319 2844 ¹)
346 2807 499 2848 Eget-unt
523 2805 563 2837 de
588 2804 720 2847 sylloge
737 2805 801 2838 hac
817 2806 900 2837 Max
917 2806 1053 2843 Conrat,
1075 2803 1268 2836 Gesclzz'clcte
1286 2803 1347 2836 der
1367 2803 1509 2843 Quellen
1526 2803 1598 2835 und
1615 2802 1790 2835 Literalur
1808 2802 1865 2834 des
1880 2806 1964 2834 riim.
1980 2801 2101 2835 Rechts

170 2851 218 2884 im
241 2851 407 2894 frz'ilzeren
425 2850 626 2883 Mittelalter
647 2850 660 2882 l
682 2849 800 2892 (1891)
823 2862 854 2894 p.
868 2850 922 2883 44.
940 2850 1007 2883 226
1031 2857 1065 2883 et
1084 2851 1270 2882 F.1’atetta
1294 2850 1444 2882 archivio
1464 2849 1632 2891 Ι(μἰινίιῑῖυο
1653 2849 1717 2882 vol.
1731 2847 1774 2880 47
1793 2847 1913 2889 (1891)
1931 2860 1961 2891 p.
1980 2847 2019 2881 13
2031 2859 2100 2891 seq.

172 2903 207 2931 et
229 2898 266 2930 P.
284 2898 452 2930 Fournier
476 2898 622 2930 annales
647 2897 688 2930 de
714 2897 932 2929 l’Universioe'
955 2896 996 2929 de
1024 2896 1194 2929 G'renohle
1218 2897 1284 2929 vol.
1307 2895 1345 2928 11
1374 2893 1493 2938 (1899)
1519 2907 1550 2938 p.
1570 2894 1638 2927 393
1650 2906 1719 2936 seq.

296 2955 324 2993 ²)
351 2955 498 2987 Karolus
516 2965 661 2997 magnus
685 2955 730 2987 ab
755 2965 786 2988 a.
802 2953 868 2986 774
893 2955 934 2986 ad
959 2965 989 2986 a.
1007 2952 1076 2986 800
1092 2954 1174 2996 ipsis
1199 2954 1307 2986 titulis
1332 2963 1436 2995 supra
1461 2952 1576 2984 relatis
1601 2963 1685 2984 usus
1710 2957 1761 2985 est
1785 2963 1893 2984 annos
1917 2962 2102 2984 numerans

172 3014 194 3035 a
216 3002 271 3034 die
296 3000 317 3034 9
341 3003 414 3034 Oct.
429 3000 497 3033 768
522 3001 704 3042 (Boehmer
730 3007 861 3044 regesta
887 3001 1018 3043 imperii
1044 3000 1110 3032 vol.
1133 3000 1146 3031 1
1175 3010 1205 3032 a.
1227 2998 1314 3031 1889
1339 3011 1370 3042 p.
1389 2999 1558 3040 LXXIV).
