2501 3615
958 131 999 138 —
1049 107 1189 149 XXVII
1237 129 1281 139 -

195 211 541 248 GREGORIANVS
840 215 1211 253 THEODOSIANVS
1619 219 1936 256 IVSTINIANVS

638 294 970 332 THEODOSIANI
1003 298 1143 333 LIBER
1178 298 1388 334 DEClMVS
1419 298 1601 335 SEXTVS

628 363 643 397 1
672 365 716 400 de
742 366 811 400 fide
837 366 1025 402 catholica
1469 369 1530 410 1,1
1558 369 1602 404 de
1620 381 1762 405 summa
1781 370 1952 406 trinitate
1976 373 2013 406 et
2040 372 2083 408 de

1535 425 1603 462 fide
1630 427 1819 463 catholica
1846 430 1883 463 et
1909 431 1951 464 ut
1976 440 2082 465 nemo

1535 482 1579 517 de
1615 494 1659 519 ea
1695 485 1914 521 contendere
1947 487 2085 522 audeat

1468 540 1531 581 1‚2
1559 540 1603 576 de
1636 541 1882 577 sacrosanctis
1917 543 2084 579 ecclesiis

1535 600 1572 633 et
1604 598 1648 633 de
1674 599 1783 635 rebus
1811 602 1848 635 et
1873 600 2085 646 privilegiis

627 630 648 664 2
675 630 718 665 de
744 629 940 676 episcopis
967 629 1136 666 ecclesiis
1161 634 1199 666 et
1226 632 1368 668 clericis
1421 550 1437 677 s
1535 665 1660 691 earum

584 716 587 752 ξ
627 686 648 721 3
674 687 717 722 de
744 687 934 722 m⁰n³⁰h¹⁵
1422 686 1437 809 e
1468 711 1534 754 1,3
1568 713 1612 748 de
1647 713 1832 760 episcopis
1869 718 1906 751 et
1941 715 2084 751 clericis

584 757 588 844 1
1537 797 1543 804 .
1563 797 1569 804 .
1589 798 1595 804 .
1617 798 1624 806 .
1650 774 1688 807 et
1712 772 1905 807 monachis
1929 777 1986 808 cet.

627 825 648 858 4
674 823 718 860 (le
749 824 808 859 his
839 824 902 870 qui
934 837 1044 871 super
1075 825 1255 873 religione
1282 829 1447 863 conten-1
1469 827 1533 868 l‚4
1559 855 1566 862 .
1583 854 1588 861 .
1604 855 1612 863 .
1631 830 1672 863 ut
1689 841 1795 866 nemo
1814 830 1858 866 de
1875 830 2084 877 (religione)

585 846 588 911 1
675 881 766 917 dunt
1537 887 1758 922 contendere
1785 888 1923 924 audeat

629 940 649 973 5
675 939 719 974 de
746 938 947 976 haereticis
1468 940 1532 984 1,5
1569 941 1613 977 de
1650 943 1850 980 haereticis
1891 949 1929 981 et
1969 946 2085 982 Mani-

1536 999 1661 1035 chaeis
1687 1004 1724 1037 et
1750 1002 1945 1038 Samaritis

628 1053 649 1088 6
673 1065 718 1090 ne
744 1057 914 1090 sanctum
938 1055 1128 1101 baptisma
1154 1054 1311 1090 iteretur
1469 1056 1498 1096 1,
1513 1055 1534 1090 6
1559 1071 1603 1086 =

628 1111 648 1145 7
675 1111 718 1147 de
746 1111 930 1157 apostatis
1468 1113 1533 1153 1‚7
1560 1129 1602 1143 =

155 1171 336 1213 Iust.1‚9,
352 1171 383 1206 1.
401 1170 422 1205 2
584 1211 587 1216 Ι
626 1167 647 1202 8
673 1168 718 1204 de
736 1169 893 1211 Iudaeis,
921 1168 1110 1204 caelicolis
1128 1171 1166 1205 et
1184 1169 1429 1205 Samaritanis
1470 1170 1532 1212 1,9
1559 1170 1604 1205 de
1630 1170 1777 1206 Iudaeis
1803 1175 1839 1208 et
1866 1174 2053 1210 caelicolis

626 1225 647 1260 9
672 1237 716 1262 ne
739 1225 994 1262 Christianum
1018 1226 1247 1272 mancipium
1273 1227 1448 1263 Iudaeus
1468 1229 1498 1270 1,
1515 1227 1557 1263 10
1588 1239 1632 1264 ne
1665 1228 1917 1265 Christianum
1949 1232 2086 1267 manci-

672 1283 814 1319 habeat
1536 1285 1640 1330 pium
1658 1285 1871 1322 haereticus
1890 1289 1948 1324 vel
1972 1301 2085 1335 paga-

1536 1355 1603 1378 nus
1619 1343 1676 1378 vel
1693 1344 1850 1379 Iudaeus
1867 1345 2006 1381 habeat
2027 1350 2083 1382 cet.

1446 1401 1625 1469 11,11Ξ

604 1397 646 1433 10
671 1397 715 1433 de
742 1397 912 1444 paganis
938 1397 1129 1433 sacrificiis
1155 1401 1192 1435 et
1219 1399 1372 1445 templis

581 1456 642 1521 '11
670 1455 715 1490 de
740 1454 921 1501 religione

271 1699 314 1734 In
343 1698 415 1734 hac
441 1699 573 1735 tabula
597 1709 823 1744 quamquam
854 1709 920 1743 per
943 1697 1081 1743 primos
1107 1698 1269 1743 quinque
1300 1699 1413 1735 libros
1444 1700 1614 1736 rubricae
1646 1700 1787 1737 multae
1819 1701 2085 1745 desiderantur,

154 1767 251 1802 quae
279 1756 429 1793 fuerunt
452 1756 491 1792 in
518 1755 780 1792 Theodosiano
807 1754 954 1801 integro
980 1755 1048 1799 (ita
1074 1755 1207 1791 tertius
1235 1757 1330 1793 liber
1354 1757 1487 1793 titulos
1518 1758 1652 1793 habuit
1682 1758 1840 1805 triginta
1865 1760 1971 1802 duos,
2000 1772 2087 1805 quo-

154 1826 236 1850 rum
260 1817 459 1860 supersunt
481 1826 576 1849 unus
605 1816 643 1849 et
670 1812 842 1859 viginti),
875 1812 967 1848 item
1002 1813 1040 1847 in
1070 1812 1166 1848 libro
1197 1817 1331 1849 octavo
1361 1817 1524 1850 extremo
1550 1815 1695 1860 aliquot
1721 1815 1896 1852 videntur
1922 1816 2086 1862 periisse,

154 1871 396 1908 nihilominus
428 1875 589 1918 apparet
618 1870 919 1908 Theodosianum
951 1883 1018 1916 per
1048 1871 1162 1908 libros
1197 1873 1241 1907 II.
1269 1874 1334 1908 ΙΙΙ.
1362 1873 1433 1908 IIII
1466 1873 1691 1919 dispositum
1729 1886 1806 1911 esse
1842 1875 1889 1910 ad
1922 1875 2087 1911 ordinem

154 1929 269 1966 edicti
291 1930 475 1976 praetoris
492 1929 626 1965 urbani
648 1929 850 1974 aliquoties
867 1931 993 1965 tamen
1014 1929 1296 1975 amplificatum,
1327 1932 1368 1966 ut
1393 1931 1430 1965 in
1456 1932 1615 1967 secundo
1642 1932 1745 1967 locus
1770 1932 1814 1968 de
1832 1931 2087 1969 iurisdictione

154 1990 288 2024 auctus
313 1990 387 2031 est,
417 1987 456 2023 in
480 1988 594 2024 tertio
618 2000 690 2024 non
717 1989 761 2024 de
786 2000 824 2024 re
849 1987 978 2023 uxoria
1004 1989 1083 2024 sola
1109 1989 1252 2035 agitur,
1285 1990 1349 2026 sed
1373 1991 1417 2026 de
1443 1990 1613 2026 universo
1638 1991 1716 2026 iure
1741 1990 1967 2036 nuptiarum.
2016 1990 2087 2027 Sed

154 2045 203 2080 ad
228 2045 325 2082 hanc
351 2049 498 2092 partem
522 2046 722 2082 edictalem
750 2048 986 2082 accesserunt
1017 2058 1061 2082 ea
1088 2059 1183 2091 quae
1209 2047 1446 2083 continentur
1470 2052 1549 2084 tam
1579 2048 1615 2083 in
1641 2049 1737 2084 libro
1766 2048 1886 2094 primo
1911 2060 2023 2093 quam
2048 2048 2087 2082 in

154 2102 349 2139 duodecim
384 2103 663 2149 posterioribus.
718 2104 761 2138 In
795 2103 842 2138 iis
875 2115 970 2148 quae
1004 2105 1205 2150 praecipue
1236 2106 1452 2152 agnoscitur
1485 2106 1669 2143 ordinatio
1705 2108 1805 2151 (nam
1837 2118 1909 2142 non
1943 2117 2086 2152 paucae

155 2159 327 2197 rubricae
353 2160 415 2196 vix
440 2160 488 2196 ad
512 2160 678 2205 aliquam
705 2161 827 2207 legem
852 2163 991 2196 certam
1017 2161 1117 2208 exigi
1142 2165 1331 2208 poterunt)
1354 2163 1447 2199 haec
1473 2166 1539 2199 est.

377 2230 404 2272 Ι,
433 2230 522 2265 1-4
546 2230 590 2266 de
614 2229 694 2266 iure
719 2233 758 2266 et
782 2230 931 2276 legibus

435 2287 550 2323 5-34
574 2288 619 2324 de
643 2287 930 2334 magistratibus
955 2289 1306 2326 administrantibus
1331 2288 1483 2334 (similia
1508 2288 1623 2325 etiam
1648 2288 1811 2324 edictum
1837 2288 1873 2323 in
1900 2288 2087 2334 principio

567 2345 718 2390 habuit)

368 2402 412 2445 V,
440 2404 530 2437 1-4
555 2403 599 2439 de
624 2403 901 2440 hereditatibus
926 2404 1017 2440 iuris
1042 2404 1165 2440 civilis

410 2461 547 2496 12-19
573 2461 618 2497 de
643 2461 768 2497 fundis
796 2462 1009 2508 colonisque
1035 2462 1362 2509 patrimonialibus

342 2518 394 2553 VI
418 2520 521 2554 totus
547 2519 591 2555 de
616 2519 868 2566 dignitatibus

320 2575 391 2610 VII
415 2578 518 2612 totus
543 2576 588 2613 de
613 2589 652 2613 re
677 2577 835 2613 militari

303 2632 402 2676 VIII,
430 2635 540 2670 1—11
568 2634 613 2671 de
639 2635 921 2681 apparitoribus

409 2691 544 2727 12—15
569 2691 615 2727 de
640 2692 905 2728 donationibus

409 2747 545 2782 16-19
574 2748 619 2783 de
645 2748 836 2785 caelibatu
862 2752 898 2785 et
924 2748 1086 2785 orbitate
1113 2751 1151 2785 et
1176 2749 1220 2785 de
1245 2748 1373 2784 liberis

290 2803 399 2839 VIIII
424 2807 527 2841 totus
552 2805 596 2841 de
622 2805 772 2842 delictis

361 2861 396 2896 X
421 2865 524 2899 totus
549 2862 595 2898 de
620 2862 698 2899 iure
723 2863 801 2899 fisci

341 2919 404 2964 XI,
432 2920 543 2956 1-28
569 2920 615 2957 de
640 2921 794 2957 tributis

406 2976 544 3013 29—39
570 2978 615 3014 de
640 2977 963 3024 appellationibus

324 3032 395 3068 XII
419 3035 522 3070 totus
547 3035 592 3070 de
616 3047 655 3071 re
679 3035 900 3081 municipali

308 3089 400 3125 XIII
423 3093 525 3128 totus
550 3092 594 3128 de
618 3093 888 3129 mercatoribus
914 3091 1156 3128 naviculariis
1181 3091 1356 3138 agricolis

286 3147 395 3183 XIIII
418 3150 521 3185 totus
546 3150 591 3186 de
616 3150 696 3187 iure
719 3151 860 3187 Romae
886 3150 1230 3196 Constantinopolis
1256 3149 1502 3196 Karthaginis
1527 3149 1775 3185 Alexandriae

328 3205 408 3249 XV,
436 3207 526 3242 1—4
549 3207 594 3243 de
618 3207 792 3253 operibus
817 3208 980 3254 publicis

428 3263 541 3299 5-12
566 3264 611 3301 de
637 3265 897 3311 voluptatibus
921 3265 1054 3312 populi

306 3320 395 3356 XVI
419 3322 522 3357 totus
546 3321 592 3359 de
615 3322 725 3359 rebus
750 3323 1015 3360 ecclesiasticis
