2501 3615
958 166 999 172 —
1049 143 1211 181 CCXVII
1265 163 1304 171 ——

98 253 166 289 322
407 249 496 285 XIII
522 249 557 285 k.
583 250 676 296 Aug.
785 249 918 284 Sirmio

97 323 164 358 322
408 319 477 354 VII
502 319 536 354 k.
563 319 655 365 Aug.
786 318 961 354 Savariae

98 390 165 425 322
408 388 461 422 III
486 388 521 423 k.
547 388 640 424 Nov.
787 401 862 424 acc.
890 389 1028 424 Romae

96 458 191 494 322¹?
406 457 472 491 XV
498 457 533 492 k.
562 457 637 492 Ian.
785 458 957 493 Serdicae.

317 516 342 558 ¹)
369 518 588 559 magistratus
614 518 774 559 incertus,
801 529 867 550 non
895 519 1086 561 praefectus
1111 518 1198 550 urbi.

166 666 246 707 323
279 663 508 706 SEVERO
541 664 616 706 ET
648 665 872 707 RVFINO
908 664 1106 707 CONSS.

1270 249 1430 285 Maximo
1456 253 1502 295 psl
1821 250 1852 291 4,
1867 250 1934 290 8,5

1268 318 1456 354 Lusitanis
1822 319 1850 359 1,
1869 320 1896 359 1,
1914 320 1929 352 1

1267 389 1429 424 Maximo
1456 394 1522 434 1'21’26
1549 388 1623 433 [psi]
1821 387 1852 429 9,
1867 387 1920 428 38,
1938 388 1954 421 1

1266 458 1399 494 Severo
1416 460 1440 500 ¹)
1818 456 1850 497 3,
1866 456 1920 498 32,
1940 457 1953 489 1

279 782 343 814 Die
359 782 438 825 Apr.
453 779 498 814 28
515 793 601 824 quae
627 783 813 814 constituta
837 787 920 814 sunt
943 782 1149 825 pertinentia
1173 781 1216 814 ad
1243 782 1465 814 barbarorum
1493 782 1720 814 incursionem
1745 786 1836 814 recte
1866 781 2095 815 Gothofredus

165 838 222 880 (ad
239 837 269 880 7,
290 839 320 879 I,
337 839 371 881 1)
396 839 527 872 rettulit
551 839 593 872 ad
616 839 746 872 Gothos
769 850 878 882 nuper
902 839 1063 872 devictos.
1103 857 1144 861 —
1182 839 1316 871 Bellum
1352 840 1439 872 inter
1464 840 1548 871 duos
1582 840 1800 882 imperatores
1826 847 1961 883 propter
1986 840 2095 882 ipsam

162 906 237 929 eam
263 896 511 939 expeditionem
543 903 653 930 ortum
678 903 727 929 est
758 902 859 940 rupta
893 897 928 929 ni
954 897 1054 930 fallor
1079 907 1163 939 pace
1190 897 1256 929 iam
1282 908 1371 929 anno
1397 894 1465 928 322
1490 903 1654 938 exeunte,
1681 897 1842 939 quoniam
1869 898 1934 929 iam
1961 896 2097 929 rescivi-

163 964 239 986 mus
264 954 422 986 consules
447 966 476 987 a.
495 953 563 987 323
589 965 657 986 non
683 955 818 996 agnitos
843 964 916 987 esse
941 965 961 986 a
986 953 1135 995 Licinio,
1169 954 1227 986 sed
1258 964 1293 986 se
1325 954 1435 996 ipsum
1461 953 1639 996 filiumque
1664 954 1822 987 consules
1847 965 1923 986 cum
1951 954 2097 986 edixisse

163 1012 255 1056 (vide
279 1023 366 1054 quae
391 1013 535 1055 exposui
560 1012 594 1044 in
620 1013 767 1045 Hermae
787 1012 853 1045 vol.
868 1011 912 1045 32
937 1024 969 1056 p.
985 1012 1062 1046 545.
1081 1011 1124 1045 36
1150 1024 1182 1055 p.
1196 1011 1274 1045 604.
1292 1010 1335 1045 37
1360 1024 1392 1056 p.
1414 1011 1505 1053 156).
1526 1031 1566 1036 -
1587 1013 1847 1046 Constantinum
1874 1024 1951 1045 cuin
1976 1018 2097 1044 auctor

162 1069 203 1102 de
237 1070 367 1113 origine
397 1070 613 1102 Constantini
637 1068 679 1102 21
717 1067 801 1112 (chr.
827 1069 906 1102 min.
934 1070 950 1102 I
986 1082 1016 1113 p.
1036 1069 1071 1112 9)
1102 1075 1217 1103 narret
1247 1081 1290 1103 ex
1315 1070 1563 1103 Thessalonica
1595 1077 1713 1103 contra
1745 1071 1873 1103 Gothos
1908 1071 2097 1112 profectum

162 1138 252 1167 esse,
284 1127 481 1160 constitutio
507 1128 586 1160 data
615 1127 679 1160 hoc
708 1138 798 1160 anno
826 1128 944 1170 (quam
970 1129 1081 1160 firmat
1111 1128 1299 1161 laterculus
1331 1128 1593 1171 praefectorum)
1620 1129 1673 1160 die
1698 1129 1780 1160 Mai.
1802 1128 1843 1161 18
1876 1127 2096 1170 (quamquam

162 1185 197 1218 in
222 1196 338 1218 mense
357 1185 437 1219 libri
461 1185 606 1227 variant)
630 1186 710 1218 item
735 1186 880 1219 eundem
906 1186 1048 1219 collocat
1073 1186 1352 1228 Thessalonicae,
1379 1198 1446 1229 quo
1471 1187 1612 1218 fortasse
1638 1185 1770 1218 devicto
1795 1185 1890 1218 hoste
1915 1185 2023 1218 rediit.
2050 1202 2094 1207 —

161 1243 285 1276 Secuta
313 1248 394 1276 sunt
423 1243 553 1286 proelia
579 1243 646 1276 duo
681 1243 724 1276 ad
750 1243 1021 1286 Hadrianopolin
1045 1244 1109 1276 Iul,
1127 1242 1164 1283 3,
1200 1244 1241 1276 ad
1267 1244 1505 1286 Chrysopolim
1530 1254 1632 1287 prope
1658 1243 1906 1276 Calchedonem
1931 1243 2020 1285 Sept.
2042 1241 2092 1275 18.

92 1356 160 1392 323
403 1355 452 1391 id.
478 1355 567 1402 Apr.
785 1356 1113 1402 Constantinopoli
1141 1358 1185 1403 [22]

92 1460 160 1495 323
185 1459 315 1505 [32516]
401 1458 450 1494 id.
476 1460 564 1505 Apr.
783 1459 892 1495 Sinni

91 1551 160 1587 323
402 1551 476 1586 IIII
502 1551 537 1586 k.
563 1552 650 1587 Mai.
785 1579 1037 1589 ........

92 1655 160 1691 323
402 1656 472 1691 XV
496 1656 531 1692 k.
558 1657 638 1692 Iun.
784 1657 1072 1694 Thessalonicae

90 1746 159 1782 323
401 1725 471 1760 XII
495 1725 531 1760 k.
557 1726 636 1760 Iun.
783 1726 848 1761 dat
852 1753 1067 1761 .......

402 1810 652 1818 ........
782 1783 882 1819 lecta
907 1783 1007 1829 apud
1027 1785 1113 1818 acta

90 1849 158 1885 323
402 1851 491 1886 VIII
516 1852 552 1886 k.
579 1852 658 1887 Iun.
786 1852 895 1888 Sirmi

89 1918 158 1954 323
401 1921 496 1966 prid.
523 1921 559 1956 k.
586 1921 664 1957 Ian.
782 1935 844 1968 pp.
871 1922 1072 1958 Castulone

1268 1357 1511 1402 Florenti(n)o
1796 1342 1798 1346 ’
1822 1333 1872 1424 I}
1889 1335 1943 1424 g,
1958 1332 2070 1423 :130'812

1265 1460 1398 1497 Severo
1425 1460 1522 1506 [ῡῦῗ]
1810 1456 2229 1502 Iust.3,12‚3[PDHaz.]

1843 1528 1871 1562 Ι
1901 1529 2012 1570 7,],1

1271 1580 1519 1589 ........
1820 1585 1869 1620 II
1900 1585 1998 1627 7,12,
2016 1586 2032 1619 1

1267 1657 1430 1693 Maximo
1456 1662 1502 1702 ῇῦ
1817 1657 1849 1697 4,
1864 1656 1895 1697 8⁷
1910 1656 1931 1690 6

1267 1725 1380 1771 Ulpio
1398 1725 1580 1760 Flavia-no
1599 1723 1784 1760 consulari
1819 1749 1857 1782 11
1889 1748 1930 1782 16
1956 1747 1978 1781 2

1312 1782 1494 1819 Aemiliae
1513 1784 1550 1817 et
1568 1781 1742 1828 Liguriae
1866 1775 1872 1789 ’
1935 1775 1942 1789 '

1268 1851 1445 1898 Helpidio
1461 1851 1601 1898 [agenti
1612 1851 1711 1887 vices
1721 1851 1802 1896 ppo]
1819 1851 1871 1892 16,
1886 1851 1917 1894 2,
1933 1852 1954 1885 5

1270 1949 1516 1958 ........
1818 1921 1872 1962 11,
1887 1921 1918 1961 9,
1935 1921 1952 1954 1

159 2079 240 2119 324
273 2075 484 2120 ORISPO
515 2079 585 2121 ΙΠ
615 2078 691 2121 ΕΤ
724 2078 1142 2121 CONSTANTINO
1175 2078 1290 2135 1111)
1324 2078 1449 2133 CO.²)
1483 2076 1676 2120 CONSS.

321 2160 348 2202 1)
373 2161 398 2193 ii
425 2159 478 2201 12,
495 2159 548 2201 17,
565 2161 596 2194 1.

318 2217 347 2259 ²)
372 2219 423 2252 sic
447 2217 621 2261 15,14,1;
646 2229 690 2252 aa
717 2219 770 2259 11,
787 2218 840 2262 16,
855 2218 893 2261 3;
918 2219 1121 2263 plerumque
1147 2220 1323 2252 omittitur.

271 2323 382 2365 Leges
411 2322 516 2355 huius
544 2323 629 2355 anni
657 2328 691 2356 et
713 2333 743 2356 a.
762 2321 828 2356 321
861 2324 990 2366 passim
1022 2323 1235 2366 perturbatas
1268 2333 1342 2355 esse
1373 2333 1477 2365 supra
1511 2321 1716 2354 monuimus.
1742 2337 1786 2342 -—
1810 2321 1891 2353 Post
1915 2319 2090 2352 victoriam

157 2379 198 2412 de
221 2380 356 2412 Licinio
379 2379 627 2413 Constantinus
657 2391 693 2413 se
724 2381 871 2413 contulit
894 2381 1193 2422 Thessalonicam,
1224 2380 1284 2412 ubi
1316 2379 1424 2412 occidi
1455 2379 1556 2411 iussit
1579 2378 1754 2411 Licinium
1784 2378 1947 2420 legesque
1979 2377 2090 2408 emisit

156 2436 277 2470 diebus
301 2438 402 2470 Mart.
420 2435 442 2470 8
466 2443 500 2470 et
523 2439 605 2480 Apr.
623 2435 645 2470 9
676 2435 797 2479 (relata
828 2443 879 2471 est
911 2448 1023 2471 errore
1052 2438 1094 2470 ad
1119 2448 1148 2470 a.
1168 2436 1262 2478 321).
1310 2438 1489 2470 Praeterea
1520 2441 1553 2470 et
1587 2447 1700 2469 rerum
1730 2435 1892 2468 memoria
1921 2434 1966 2467 ad
1997 2434 2090 2466 hunc

156 2505 288 2528 annum
313 2495 427 2528 deficit
451 2500 484 2529 et
508 2495 787 2538 subscriptiones.

87 2595 155 2632 324
171 2595 216 2642 [2³]
395 2596 503 2631 XIIII
527 2596 563 2631 k.
583 2596 670 2632 Feb.
773 2596 905 2632 Sirmio

87 2665 154 2701 324
180 2665 228 2711 [Ρ]
399 2665 489 2700 VIII
514 2665 564 2701 id.
589 2665 700 2701 Mart.
780 2666 1069 2702 Thessalonicae

86 2734 155 2770 324
396 2735 487 2770 VIII
511 2735 546 2769 k.
573 2735 660 2771 Mai.
778 2746 843 2771 acc
847 2762 1060 2771 .......

86 2847 155 2883 324
395 2849 502 2884 XVII
527 2849 562 2887 k.
588 2850 666 2884 Iun.
776 2862 828 2895 pp
833 2877 1047 2886 .......

87 2915 156 2952 324
399 2918 470 2954 VII
495 2918 544 2953 id.
570 2918 636 2953 Iul.
778 2931 841 2964 pp.
867 2919 1099 2965 Karthagine

156 3080 237 3121 325
268 3078 535 3122 PAVLINO
567 3079 642 3122 ΕΤ
673 3077 923 3121 IVLIANO
958 3077 1152 3120 CONSS.

1257 2596 1449 2632 Dalmatio
1835 2595 1888 2635 12,
1907 2593 1958 2635 17,
1975 2594 1993 2627 1

1262 2665 1438 2711 Helpidio
1458 2664 1599 2711 [agenti
1617 2664 1714 2699 vices
1727 2663 1811 2708 ppo]
1840 2663 1889 2704 13,
1905 2663 1937 2703 5,
1950 2663 1972 2696 4

1257 2735 1306 2770 ad
1331 2734 1492 2771 edictum
1515 2731 1802 2770 Calchedonien-
1837 2733 1890 2773 11,
1907 2732 1959 2771 16,
1974 2732 1994 2766 3

1281 2792 1376 2827 sium
1394 2795 1431 2828 et
1446 2789 1786 2827 Macedoniensium

1259 2849 1479 2885 Constantio
1504 2854 1573 2894 ppo
1836 2847 1887 2886 15,
1905 2844 1958 2887 14,
1974 2845 1992 2878 1

1256 2917 1448 2953 Hilariano
1462 2914 1784 2962 proconS.Africae
1836 2914 1887 2957 12,
1905 2915 1932 2955 l,
1949 2913 1969 2947 9

270 3197 392 3229 Annus
417 3201 469 3230 est
498 3196 634 3229 concilii
658 3197 799 3229 Nicaeni
825 3194 922 3237 (Mai.
941 3193 986 3227 20
1001 3212 1040 3217 —
1056 3196 1146 3236 Aug.
1164 3192 1239 3233 25),
1274 3194 1328 3226 cui
1359 3192 1514 3225 interfuit
1547 3192 1738 3234 imperator.
1781 3188 1982 3222 vicennalia
2008 3188 2082 3221 eius

155 3253 329 3287 celebrata
351 3260 433 3287 sunt
456 3254 639 3297 incipiente
662 3254 876 3297 imperatoris
895 3264 989 3286 anno
1014 3253 1185 3293 vicesimo,
1213 3252 1244 3283 id
1269 3257 1320 3284 est
1345 3251 1409 3283 hoc
1433 3261 1523 3283 anno
1540 3249 1602 3281 Iul.
1621 3247 1675 3280 25.
1718 3249 1766 3280 Ea
1783 3247 1873 3289 quod
1898 3247 1946 3278 ait
1963 3246 2082 3278 Hiero-

154 3320 279 3352 nymus
303 3310 402 3352 (Abr.
418 3309 526 3344 2342:
559 3311 752 3344 vicennalia
778 3310 992 3343 Constantini
1016 3309 1234 3342 Nicomediae
1267 3314 1344 3341 acta
1377 3314 1406 3341 et
1437 3306 1585 3349 sequenti
1615 3317 1706 3338 anno
1735 3305 1862 3338 Romae
1892 3302 1997 3346 edita)
2024 3304 2082 3335 vix

156 3368 229 3411 ipso
252 3368 307 3401 die
329 3368 393 3401 1111.
412 3367 457 3402 25
482 3369 698 3402 Nicomediae
727 3368 891 3401 celebrari
921 3372 1119 3410 potuerunt,
1152 3367 1217 3399 nisi
1248 3372 1383 3409 propter
1408 3366 1471 3397 iter
1495 3364 1585 3406 qnod
1616 3363 1757 3407 parabat
1781 3362 1966 3404 anticipata
1991 3366 2081 3394 sunt.

291 3434 431 3472 Tuon.
449 3435 478 3471 Ι.

1760 3435 1806 3464 08
