2517 3615
1242 148 1493 182 -XX-

445 250 789 287 GREGORIANVS
1085 249 1457 285 THEODOSIANVS
1866 252 2181 289 IVSTINIANVS

855 330 898 364 35
925 330 967 366 de
994 329 1203 375 privilegiis
1228 341 1368 371 eorum,
1401 329 1464 374 qui
1495 329 1532 364 in
1563 329 1677 365 sacris
1717 331 1768 372 12,
1783 331 1827 366 28
1852 331 1897 367 de
1923 345 1976 377 pr.
2002 345 2031 369 e.
2058 333 2122 378 qui
2155 333 2193 368 in
2224 346 2327 371 sacro

924 386 1069 421 scriniis
1094 386 1307 421 militarunt
1782 388 1926 433 palatio
1951 389 2118 426 militant

854 443 897 478 36
923 444 967 479 de
1004 443 1181 478 castrensi
1224 443 1385 478 omnium
1426 443 1678 488 palatinorum
1717 445 1769 489 12,
1783 445 1827 481 30
1852 460 1895 475 =

923 499 1071 544 peculio

853 557 897 591 37
924 557 968 591 de
994 555 1155 600 equestri
1181 555 1366 601 dignitate
1718 558 1769 599 12,
1783 558 1825 593 31
1853 574 1895 588 =

858 612 901 647 38
928 613 972 647 de
998 612 1330 658 perfectissimatus
1356 612 1542 659 dignitate
1719 614 1770 657 12,
1784 614 1828 649 32
1855 631 1897 645 Ξ

985 715 1313 751 THEODOSIANI
1345 716 1487 752 LIBER
1519 716 1758 751 SEPTIMVS

408 786 497 820 lust.
514 785 564 826 12,
579 784 632 825 35,
650 783 737 818 1-8
879 785 895 820 1
924 785 967 820 de
993 797 1031 820 re
1057 785 1213 821 militari
1693 785 1696 853 Ι
1716 786 1768 827 12,
1783 784 1826 820 35
1853 801 1895 814 Ξ

880 843 900 877 2
933 842 1023 887 quid
1051 843 1208 888 probare
1234 843 1394 878 debeant
1419 843 1467 878 ad
1492 855 1676 889 quamque

923 899 1102 935 militiam
1127 900 1317 936 venientes

876 957 897 992 3
923 957 1006 1001 quis
1031 956 1069 991 in
1093 957 1213 1002 gradu
1238 957 1469 1002 praeferatur

875 1014 898 1048 4
923 1014 967 1049 (16
992 1013 1207 1058 erogatione
1232 1013 1407 1048 militaris
1432 1026 1598 1051 annonae
1715 1014 1766 1055 12,
1781 1013 1825 1048 37
1852 1028 1894 1042 =

876 1071 896 1104 5
923 1071 967 1106 de
1003 1070 1218 1106 excoctione
1255 1073 1293 1106 et
1330 1071 1573 1107 translatione
1611 1084 1674 1107 an·
1715 1072 1766 1112 12,
1781 1071 1824 1105 38
1842 1070 1886 1106 de
1904 1080 1979 1105 exc.
1995 1070 2033 1104 et
2051 1071 2094 1104 tr.
2109 1069 2331 1106 militarium

921 1139 1098 1162 nonarum
1782 1138 2011 1163 annonarum

875 1185 896 1219 6
922 1184 964 1220 (16
989 1183 1147 1220 militari
1173 1186 1274 1219 veste
1715 1184 1766 1227 12,
1781 1185 1824 1219 39
1851 1199 1894 1213 =

876 1242 896 1275 7
921 1240 966 1276 de
992 1240 1140 1286 pascuis
1715 1242 1766 1283 11,
1781 1241 1822 1275 61
1850 1241 1894 1276 (16
1920 1239 2069 1286 pascuis
2101 1238 2263 1285 publicis
2293 1242 2332 1276 et

1781 1296 1942 1343 privatis

875 1356 896 1390 8
923 1356 966 1391 de
992 1354 1143 1391 metatis
1715 1355 1766 1396 12,
1780 1355 1826 1390 40
1851 1355 1895 1390 (16
1912 1354 2065 1391 metatis
2083 1355 2122 1390 et
2146 1352 2330 1399 epideme-

1782 1411 1868 1447 ticis

875 1470 896 1504 9
922 1469 966 1505 (16
1003 1470 1170 1516 salganio
1210 1469 1421 1515 hospitibus
1461 1482 1532 1505 non
1573 1481 1676 1515 prae-
1716 1468 1767 1511 12,
1780 1469 1822 1504 41
1851 1484 1893 1498 =

922 1527 1041 1563 bendo

856 1585 897 1620 10
922 1596 966 1620 ne
992 1583 1075 1628 quis
1098 1583 1137 1618 in
1163 1584 1318 1629 palatiis
1343 1586 1493 1620 maneat

856 1643 894 1676 11
922 1653 966 1677 ne
1009 1641 1207 1677 comitibus
1248 1644 1285 1677 et
1325 1640 1484 1677 tribunis
1525 1641 1676 1676 lavacra
1738 1640 1825 1682 1‚47
1851 1655 1894 1669 =

922 1700 1160 1744 praestentur

856 1756 897 1790 12
922 1755 967 1790 (16
993 1758 1202 1791 commeatu
1716 1756 1768 1797 12,
1781 1755 1826 1790 42
1852 1769 1895 1783 =

856 1812 898 1848 13
923 1812 968 1848 de
993 1811 1178 1848 tironibus
1716 1813 1767 1854 12,
1780 1812 1826 1847 43
1852 1827 1895 1840 =

856 1870 897 1905 14
922 1870 966 1905 de
990 1869 1176 1915 burgariis

855 1927 896 1962 15
922 1927 967 1963 de
991 1926 1100 1962 terris
1125 1926 1329 1962 limitaneis

855 1985 897 2019 16
922 1984 967 2019 (16
992 1983 1143 2019 litorum
1168 1985 1206 2019 et
1230 1982 1407 2018 itinerum
1432 1982 1601 2018 custodia
1717 1983 1767 2024 12,
1783 1983 1829 2018 44
1855 1998 1896 2012 Ξ

856 2042 897 2077 17
923 2041 967 2076 (16
993 2039 1139 2075 lusoriis
1165 2039 1327 2075 Danuvii

856 2098 897 2133 18
923 2098 967 2133 de
1008 2096 1258 2134 desertoribus
1299 2098 1336 2131 et
1383 2097 1677 2133 occultator-ibus
1716 2097 1768 2138 12,
1782 2097 1827 2131 45
1853 2112 1895 2125 Ξ

923 2166 1049 2190 eorum

856 2212 896 2246 19
923 2211 967 2246 de
1003 2209 1209 2246 Saturianis
1246 2213 1283 2246 et
1320 2210 1604 2247 Subafrensibus
1640 2213 1678 2246 et

923 2267 1216 2303 occultatoribus
1243 2279 1366 2304 eorum

855 2326 900 2360 20
926 2326 970 2361 de
997 2324 1181 2361 veteranis
1717 2324 1769 2365 12,
1783 2323 1829 2358 46
1854 2338 1897 2352 Ξ

854 2382 895 2417 21
924 2382 968 2417 (16
994 2381 1239 2418 testimoniali
1273 2394 1316 2417 ex
1342 2381 1501 2418 tribunis
1535 2383 1573 2418 et
1598 2395 1677 2428 pro-

923 2438 1129 2474 tectoribus

854 2496 898 2531 22
925 2497 969 2531 de
995 2495 1081 2530 filiis
1104 2494 1325 2531 militarium
1351 2494 1609 2541 apparitorum
1640 2497 1678 2531 et
1716 2495 1768 2537 12,
1780 2495 1825 2530 47
1843 2495 1888 2530 (16
1904 2493 1992 2529 filiis
2005 2492 2221 2529 officialium
2236 2491 2332 2528 mili-

924 2555 1183 2589 veteranorum
1784 2551 1922 2587 tarium
1947 2549 2011 2596 qui
2037 2550 2075 2586 in
2099 2550 2199 2587 bello
2223 2549 2330 2585 mori-

1784 2611 1897 2645 untur

854 2668 899 2703 23
924 2668 968 2704 de
995 2666 1186 2703 oblatione
1212 2679 1387 2712 equorum

855 2726 901 2760 24
925 2725 969 2760 (16
995 2723 1184 2760 oblatione
1210 2725 1379 2759 votorum
1719 2723 1770 2764 12,
1782 2723 1828 2758 48
1854 2738 1896 2753 Ξ

994 2814 1323 2850 THEODOSIANI
1356 2814 1500 2849 LIBER
1531 2813 1753 2850 OCTAVVS

881 2886 896 2920 1
926 2885 970 2921 de
992 2883 1227 2926 numerariis,
1254 2882 1447 2926 actuariis,
1478 2882 1680 2918 scriniariis
1718 2884 1770 2926 12,
1784 2883 1829 2918 49
1855 2882 1899 2917 de
1917 2878 2135 2916 numerariis
2154 2877 2333 2915 actuariis

925 2944 963 2977 et
988 2940 1247 2986 exceptoribus
1784 2941 1823 2976 et
1851 2935 2090 2973 chartulariis
2120 2938 2159 2972 et
2188 2935 2332 2972 adiuto-

1783 2996 1885 3031 ribus
1910 2993 2112 3030 scriniariis
2140 2995 2178 3030 et
2203 3003 2331 3038 excep—

1784 3051 1928 3088 toribus
1951 3055 2010 3086 cet.

878 3113 899 3146 2
924 3111 968 3147 (16
994 3111 1207 3153 tabulariis,
1239 3112 1436 3157 logografis
1467 3114 1505 3147 et
1531 3123 1677 3146 censua-
1717 3110 1769 3152 10,
1784 3110 1824 3144 71
1846 3109 1890 3144 de
1907 3110 1934 3143 t.
1949 3107 2079 3144 scribis
2095 3107 2168 3152 log.
2184 3107 2222 3142 et
2235 3116 2329 3140 cens.

925 3167 1022 3202 libus

879 3224 900 3258 3
925 3224 969 3259 (16
1010 3223 1219 3269 privilegiis
1260 3224 1518 3270 apparitorum
1563 3223 1678 3270 magi·
1717 3223 1768 3265 12,
1785 3223 1829 3258 54
1855 3223 1898 3258 de
1918 3220 2196 3268 apparitoribus
2215 3218 2332 3265 magi-

927 3279 1061 3316 steriae
1086 3280 1286 3325 potestatis
1784 3281 1942 3315 strorum
1965 3277 2129 3313 militum
2156 3278 2195 3313 et
2219 3275 2331 3322 privi-

1784 3335 1894 3382 legiis
1920 3347 2044 3372 eorum
