<?xml version="1.0" encoding="UTF-8"?>
<!DOCTYPE html PUBLIC "-//W3C//DTD XHTML 1.0 Transitional//EN"
    "http://www.w3.org/TR/xhtml1/DTD/xhtml1-transitional.dtd">
<html xmlns="http://www.w3.org/1999/xhtml" xml:lang="en" lang="en">
 <head>
  <title>
</title>
<meta http-equiv="Content-Type" content="text/html;charset=utf-8" />
  <meta name='ocr-system' content='tesseract 3.04.00' />
  <meta name='ocr-capabilities' content='ocr_page ocr_carea ocr_par ocr_line ocrx_word'/>
</head>
<body>
  <div class='ocr_page' id='page_1' title='image "./theodosianilibri00codeuoft_0111.png"; bbox 0 0 2501 3615; ppageno 0'>
   <div class='ocr_carea' id='block_1_1' title="bbox 973 117 1222 157">
    <p class='ocr_par' dir='ltr' id='par_1_1' title="bbox 973 117 1222 157">
     <span class='ocr_line' id='line_1_1' title="bbox 973 117 1222 157; baseline -0.012 -7"><span class='ocrx_word' id='word_1_1' title='bbox 973 117 1222 157; x_wconf 71' lang='lat' dir='ltr'>—CV—</span> 
     </span>
    </p>
   </div>
   <div class='ocr_carea' id='block_1_2' title="bbox 137 223 2071 1031">
    <p class='ocr_par' dir='ltr' id='par_1_2' title="bbox 137 223 2071 1031">
     <span class='ocr_line' id='line_1_2' title="bbox 230 223 1230 271; baseline 0 -11"><span class='ocrx_word' id='word_1_2' title='bbox 230 226 258 265; x_wconf 92' lang='grc'>1,</span> <span class='ocrx_word' id='word_1_3' title='bbox 278 226 329 268; x_wconf 84' lang='lat'>16,</span> <span class='ocrx_word' id='word_1_4' title='bbox 346 226 375 265; x_wconf 83' lang='lat'>7,</span> <span class='ocrx_word' id='word_1_5' title='bbox 391 226 432 261; x_wconf 82' lang='lat'>*3</span> <span class='ocrx_word' id='word_1_6' title='bbox 457 223 700 271; x_wconf 75' lang='lat' dir='ltr'>depraedatio</span> <span class='ocrx_word' id='word_1_7' title='bbox 727 226 861 271; x_wconf 72' lang='lat' dir='ltr'>nullas]</span> <span class='ocrx_word' id='word_1_8' title='bbox 890 225 1084 271; x_wconf 80' lang='lat' dir='ltr'>praedatio</span> <span class='ocrx_word' id='word_1_9' title='bbox 1110 226 1230 261; x_wconf 79' lang='lat' dir='ltr'>nullos</span> 
     </span>
     <span class='ocr_line' id='line_1_3' title="bbox 387 282 926 329; baseline 0.002 -12"><span class='ocrx_word' id='word_1_10' title='bbox 387 285 427 317; x_wconf 76' lang='lat'>*5</span> <span class='ocrx_word' id='word_1_11' title='bbox 455 282 685 327; x_wconf 79' lang='lat' dir='ltr'>oblidantur]</span> <span class='ocrx_word' id='word_1_12' title='bbox 711 283 926 329; x_wconf 80' lang='lat' dir='ltr'>obligentur</span> 
     </span>
     <span class='ocr_line' id='line_1_4' title="bbox 387 340 977 384; baseline 0.002 -10"><span class='ocrx_word' id='word_1_13' title='bbox 387 341 428 374; x_wconf 80' lang='lat'>*5</span> <span class='ocrx_word' id='word_1_14' title='bbox 458 340 670 384; x_wconf 84' lang='lat' dir='ltr'>eorumque]</span> <span class='ocrx_word' id='word_1_15' title='bbox 697 352 820 375; x_wconf 86' lang='lat' dir='ltr'>eorum</span> <span class='ocrx_word' id='word_1_16' title='bbox 847 352 925 375; x_wconf 82' lang='lat' dir='ltr'>omn</span> <span class='ocrx_word' id='word_1_17' title='bbox 944 340 977 375; x_wconf 83' lang='lat' dir='ltr'><em>G</em></span> 
     </span>
     <span class='ocr_line' id='line_1_5' title="bbox 230 397 1042 444; baseline 0 -11"><span class='ocrx_word' id='word_1_18' title='bbox 230 399 258 433; x_wconf 90' lang='lat'>1.</span> <span class='ocrx_word' id='word_1_19' title='bbox 274 398 413 438; x_wconf 87' lang='grc'>20,1.4</span> <span class='ocrx_word' id='word_1_20' title='bbox 461 397 575 442; x_wconf 85' lang='lat' dir='ltr'>quina</span> <span class='ocrx_word' id='word_1_21' title='bbox 601 397 741 443; x_wconf 72' lang='lat' dir='ltr'>itaque]</span> <span class='ocrx_word' id='word_1_22' title='bbox 768 398 1042 444; x_wconf 78' lang='lat' dir='ltr'>quinquaginta</span> 
     </span>
     <span class='ocr_line' id='line_1_6' title="bbox 226 455 867 500; baseline 0.002 -10"><span class='ocrx_word' id='word_1_23' title='bbox 226 457 258 495; x_wconf 88' lang='grc'>2,</span> <span class='ocrx_word' id='word_1_24' title='bbox 279 456 306 490; x_wconf 93' lang='grc'>1.</span> <span class='ocrx_word' id='word_1_25' title='bbox 322 455 353 495; x_wconf 90' lang='grc'>6,</span> <span class='ocrx_word' id='word_1_26' title='bbox 370 456 390 488; x_wconf 91' lang='grc'><strong>6</strong></span> <span class='ocrx_word' id='word_1_27' title='bbox 462 455 640 500; x_wconf 62' lang='lat' dir='ltr'>primores</span> <span class='ocrx_word' id='word_1_28' title='bbox 664 466 741 490; x_wconf 80' lang='lat' dir='ltr'>cum</span> <span class='ocrx_word' id='word_1_29' title='bbox 761 456 867 491; x_wconf 84' lang='lat' dir='ltr'>AOL</span> 
     </span>
     <span class='ocr_line' id='line_1_7' title="bbox 366 512 1193 558; baseline 0 -12"><span class='ocrx_word' id='word_1_30' title='bbox 366 513 386 547; x_wconf 84' lang='lat'><strong>7</strong></span> <span class='ocrx_word' id='word_1_31' title='bbox 459 513 708 558; x_wconf 77' lang='lat' dir='ltr'>deprometur]</span> <span class='ocrx_word' id='word_1_32' title='bbox 736 513 976 558; x_wconf 76' lang='lat' dir='ltr'>depromatur</span> <span class='ocrx_word' id='word_1_33' title='bbox 999 524 1077 547; x_wconf 78' lang='lat' dir='ltr'>cum</span> <span class='ocrx_word' id='word_1_34' title='bbox 1098 512 1193 547; x_wconf 63' lang='grc' dir='ltr'>ΒΜ)</span> 
     </span>
     <span class='ocr_line' id='line_1_8' title="bbox 226 570 1004 615; baseline -0.003 -10"><span class='ocrx_word' id='word_1_35' title='bbox 226 571 258 606; x_wconf 86' lang='grc'>2,</span> <span class='ocrx_word' id='word_1_36' title='bbox 276 570 306 610; x_wconf 87' lang='grc'>3,</span> <span class='ocrx_word' id='word_1_37' title='bbox 325 571 353 611; x_wconf 82' lang='lat'>1,</span> <span class='ocrx_word' id='word_1_38' title='bbox 371 570 392 604; x_wconf 90' lang='grc'>2</span> <span class='ocrx_word' id='word_1_39' title='bbox 464 570 616 615; x_wconf 86' lang='lat' dir='ltr'>minore]</span> <span class='ocrx_word' id='word_1_40' title='bbox 644 571 679 605; x_wconf 88' lang='lat' dir='ltr'>in</span> <span class='ocrx_word' id='word_1_41' title='bbox 707 571 846 606; x_wconf 88' lang='lat' dir='ltr'>minore</span> <span class='ocrx_word' id='word_1_42' title='bbox 871 582 948 605; x_wconf 70' lang='lat' dir='ltr'>mem</span> <span class='ocrx_word' id='word_1_43' title='bbox 973 571 1004 604; x_wconf 82' lang='lat' dir='ltr'><em>G</em></span> 
     </span>
     <span class='ocr_line' id='line_1_9' title="bbox 346 627 2066 673; baseline 0.001 -11"><span class='ocrx_word' id='word_1_44' title='bbox 346 629 382 662; x_wconf 72' lang='lat'>*1</span> <span class='ocrx_word' id='word_1_45' title='bbox 458 628 487 662; x_wconf 85' lang='lat' dir='ltr'>si</span> <span class='ocrx_word' id='word_1_46' title='bbox 513 632 642 673; x_wconf 81' lang='lat' dir='ltr'>aptam</span> <span class='ocrx_word' id='word_1_47' title='bbox 673 628 725 663; x_wconf 81' lang='lat' dir='ltr'>rei</span> <span class='ocrx_word' id='word_1_48' title='bbox 753 630 916 671; x_wconf 78' lang='lat' dir='ltr'>(causam</span> <span class='ocrx_word' id='word_1_49' title='bbox 942 629 1010 662; x_wconf 76' lang='lat' dir='ltr'>ins.</span> <span class='ocrx_word' id='word_1_50' title='bbox 1031 627 1112 668; x_wconf 74' lang='lat' dir='ltr'>LS)</span> <span class='ocrx_word' id='word_1_51' title='bbox 1145 630 1180 662; x_wconf 90' lang='lat' dir='ltr'>et</span> <span class='ocrx_word' id='word_1_52' title='bbox 1215 627 1418 672; x_wconf 78' lang='lat' dir='ltr'>proposito]</span> <span class='ocrx_word' id='word_1_53' title='bbox 1452 639 1562 672; x_wconf 84' lang='lat' dir='ltr'>quam</span> <span class='ocrx_word' id='word_1_54' title='bbox 1595 630 1719 663; x_wconf 83' lang='lat' dir='ltr'>tamen</span> <span class='ocrx_word' id='word_1_55' title='bbox 1751 629 1803 665; x_wconf 86' lang='lat' dir='ltr'>rei</span> <span class='ocrx_word' id='word_1_56' title='bbox 1839 641 1987 664; x_wconf 85' lang='lat' dir='ltr'>causam</span> <span class='ocrx_word' id='word_1_57' title='bbox 2023 642 2066 664; x_wconf 79' lang='lat' dir='ltr'>ex</span> 
     </span>
     <span class='ocr_line' id='line_1_10' title="bbox 528 686 719 731; baseline 0.005 -11"><span class='ocrx_word' id='word_1_58' title='bbox 528 686 719 731; x_wconf 78' lang='lat' dir='ltr'>proposito</span> 
     </span>
     <span class='ocr_line' id='line_1_11' title="bbox 345 744 758 787; baseline 0.005 -10"><span class='ocrx_word' id='word_1_59' title='bbox 345 744 382 777; x_wconf 76' lang='lat'>*1</span> <span class='ocrx_word' id='word_1_60' title='bbox 457 755 538 778; x_wconf 82' lang='lat' dir='ltr'>eam</span> <span class='ocrx_word' id='word_1_61' title='bbox 565 745 654 787; x_wconf 78' lang='lat' dir='ltr'>esse]</span> <span class='ocrx_word' id='word_1_62' title='bbox 680 755 758 779; x_wconf 82' lang='lat' dir='ltr'>esse</span> 
     </span>
     <span class='ocr_line' id='line_1_12' title="bbox 202 799 855 845; baseline 0 -11"><span class='ocrx_word' id='word_1_63' title='bbox 202 825 210 828; x_wconf 84' lang='lat'><em>-</em></span> <span class='ocrx_word' id='word_1_64' title='bbox 228 799 260 840; x_wconf 86' lang='grc'>2,</span> <span class='ocrx_word' id='word_1_65' title='bbox 274 801 306 841; x_wconf 86' lang='grc'>4,</span> <span class='ocrx_word' id='word_1_66' title='bbox 320 801 353 841; x_wconf 86' lang='grc'>4,</span> <span class='ocrx_word' id='word_1_67' title='bbox 368 800 388 835; x_wconf 82' lang='grc'><strong>3</strong></span> <span class='ocrx_word' id='word_1_68' title='bbox 461 801 518 845; x_wconf 80' lang='lat' dir='ltr'>lis]</span> <span class='ocrx_word' id='word_1_69' title='bbox 546 800 624 836; x_wconf 76' lang='lat' dir='ltr'>litis</span> <span class='ocrx_word' id='word_1_70' title='bbox 649 812 730 836; x_wconf 80' lang='lat' dir='ltr'>eum</span> <span class='ocrx_word' id='word_1_71' title='bbox 750 800 855 835; x_wconf 75' lang='lat' dir='ltr'>NLS</span> 
     </span>
     <span class='ocr_line' id='line_1_13' title="bbox 139 866 2071 915; baseline 0.002 -13"><span class='ocrx_word' id='word_1_72' title='bbox 139 866 261 903; x_wconf 81' lang='lat' dir='ltr'>Codex</span> <span class='ocrx_word' id='word_1_73' title='bbox 279 881 504 914; x_wconf 85' lang='lat' dir='ltr'>quamquam</span> <span class='ocrx_word' id='word_1_74' title='bbox 523 870 702 905; x_wconf 73' lang='lat' dir='ltr'>Sic-bardo</span> <span class='ocrx_word' id='word_1_75' title='bbox 728 870 763 904; x_wconf 88' lang='lat' dir='ltr'>in</span> <span class='ocrx_word' id='word_1_76' title='bbox 790 870 860 904; x_wconf 88' lang='lat' dir='ltr'>hac</span> <span class='ocrx_word' id='word_1_77' title='bbox 888 872 994 914; x_wconf 88' lang='lat' dir='ltr'>parte</span> <span class='ocrx_word' id='word_1_78' title='bbox 1020 869 1141 904; x_wconf 85' lang='lat' dir='ltr'>utenti</span> <span class='ocrx_word' id='word_1_79' title='bbox 1166 869 1243 903; x_wconf 79' lang='lat' dir='ltr'>solo</span> <span class='ocrx_word' id='word_1_80' title='bbox 1262 869 1434 904; x_wconf 84' lang='lat' dir='ltr'>Gothano</span> <span class='ocrx_word' id='word_1_81' title='bbox 1460 870 1595 915; x_wconf 75' lang='lat' dir='ltr'>passim</span> <span class='ocrx_word' id='word_1_82' title='bbox 1621 870 1820 905; x_wconf 77' lang='lat' dir='ltr'>exhibebat</span> <span class='ocrx_word' id='word_1_83' title='bbox 1846 871 2071 907; x_wconf 82' lang='lat' dir='ltr'>emendatio-</span> 
     </span>
     <span class='ocr_line' id='line_1_14' title="bbox 137 925 2071 972; baseline 0.001 -12"><span class='ocrx_word' id='word_1_84' title='bbox 137 937 212 966; x_wconf 85' lang='lat' dir='ltr'>nes,</span> <span class='ocrx_word' id='word_1_85' title='bbox 239 925 322 971; x_wconf 84' lang='lat' dir='ltr'>ipse</span> <span class='ocrx_word' id='word_1_86' title='bbox 346 939 417 963; x_wconf 86' lang='lat' dir='ltr'>non</span> <span class='ocrx_word' id='word_1_87' title='bbox 437 928 584 964; x_wconf 81' lang='lat' dir='ltr'>videtur</span> <span class='ocrx_word' id='word_1_88' title='bbox 601 928 712 962; x_wconf 80' lang='lat' dir='ltr'>fuisse</span> <span class='ocrx_word' id='word_1_89' title='bbox 736 927 910 972; x_wconf 74' lang='lat' dir='ltr'>optimus,</span> <span class='ocrx_word' id='word_1_90' title='bbox 938 927 1121 962; x_wconf 78' lang='lat' dir='ltr'>inclinans</span> <span class='ocrx_word' id='word_1_91' title='bbox 1147 927 1222 962; x_wconf 74' lang='lat' dir='ltr'>fere</span> <span class='ocrx_word' id='word_1_92' title='bbox 1247 926 1295 961; x_wconf 81' lang='lat' dir='ltr'>ad</span> <span class='ocrx_word' id='word_1_93' title='bbox 1314 927 1347 961; x_wconf 91' lang='lat' dir='ltr'><em>L</em></span> <span class='ocrx_word' id='word_1_94' title='bbox 1374 931 1409 962; x_wconf 84' lang='lat' dir='ltr'>et</span> <span class='ocrx_word' id='word_1_95' title='bbox 1431 940 1500 962; x_wconf 84' lang='lat' dir='ltr'>uno</span> <span class='ocrx_word' id='word_1_96' title='bbox 1519 930 1618 962; x_wconf 72' lang='lat' dir='ltr'>certo</span> <span class='ocrx_word' id='word_1_97' title='bbox 1637 928 1716 961; x_wconf 86' lang='lat' dir='ltr'>loco</span> <span class='ocrx_word' id='word_1_98' title='bbox 1735 927 1765 967; x_wconf 91' lang='grc'>2,</span> <span class='ocrx_word' id='word_1_99' title='bbox 1780 928 1811 968; x_wconf 71' lang='grc'>3,</span> <span class='ocrx_word' id='word_1_100' title='bbox 1828 930 1906 969; x_wconf 79' lang='lat'>1‚*1</span> <span class='ocrx_word' id='word_1_101' title='bbox 1927 932 2071 964; x_wconf 74' lang='lat' dir='ltr'>textum</span> 
     </span>
     <span class='ocr_line' id='line_1_15' title="bbox 138 984 508 1031; baseline 0.005 -13"><span class='ocrx_word' id='word_1_102' title='bbox 138 984 236 1020; x_wconf 88' lang='lat' dir='ltr'>male</span> <span class='ocrx_word' id='word_1_103' title='bbox 262 996 508 1031; x_wconf 75' lang='lat' dir='ltr'>corrumpens.</span> 
     </span>
    </p>
   </div>
   <div class='ocr_carea' id='block_1_3' title="bbox 138 1081 2074 1348">
    <p class='ocr_par' dir='ltr' id='par_1_3' title="bbox 138 1081 2074 1348">
     <span class='ocr_line' id='line_1_16' title="bbox 253 1081 2072 1128; baseline 0 -12"><span class='ocrx_word' id='word_1_104' title='bbox 253 1081 449 1126; x_wconf 72' lang='lat' dir='ltr'>‘Dyonisii&#39;</span> <span class='ocrx_word' id='word_1_105' title='bbox 465 1082 532 1126; x_wconf 87' lang='lat' dir='ltr'>(sic</span> <span class='ocrx_word' id='word_1_106' title='bbox 554 1082 590 1117; x_wconf 80' lang='lat' dir='ltr'><strong><em>Y</em></strong></span> <span class='ocrx_word' id='word_1_107' title='bbox 602 1082 652 1116; x_wconf 80' lang='lat' dir='ltr'>acl</span> <span class='ocrx_word' id='word_1_108' title='bbox 676 1088 704 1126; x_wconf 87' lang='lat'>9,</span> <span class='ocrx_word' id='word_1_109' title='bbox 721 1089 748 1128; x_wconf 89' lang='lat'>1,</span> <span class='ocrx_word' id='word_1_110' title='bbox 766 1087 814 1125; x_wconf 87' lang='lat'>19,</span> <span class='ocrx_word' id='word_1_111' title='bbox 841 1085 1036 1127; x_wconf 87' lang='lat' dir='ltr'>praeterea</span> <span class='ocrx_word' id='word_1_112' title='bbox 1059 1082 1147 1126; x_wconf 76' lang='lat' dir='ltr'>‘dy¹)</span> <span class='ocrx_word' id='word_1_113' title='bbox 1174 1081 1359 1122; x_wconf 82' lang='lat' dir='ltr'>laudatur,</span> <span class='ocrx_word' id='word_1_114' title='bbox 1387 1084 1429 1117; x_wconf 71' lang='lat' dir='ltr'>ut</span> <span class='ocrx_word' id='word_1_115' title='bbox 1454 1094 1563 1127; x_wconf 79' lang='lat' dir='ltr'>supra</span> <span class='ocrx_word' id='word_1_116' title='bbox 1590 1095 1625 1127; x_wconf 89' lang='lat' dir='ltr'>p.</span> <span class='ocrx_word' id='word_1_117' title='bbox 1644 1082 1743 1117; x_wconf 79' lang='lat' dir='ltr'>XLV</span> <span class='ocrx_word' id='word_1_118' title='bbox 1764 1081 2008 1127; x_wconf 71' lang='lat' dir='ltr'>exposuimus,</span> <span class='ocrx_word' id='word_1_119' title='bbox 2035 1082 2072 1116; x_wconf 90' lang='lat' dir='ltr'>iu</span> 
     </span>
     <span class='ocr_line' id='line_1_17' title="bbox 139 1139 2072 1185; baseline -0.001 -11"><span class='ocrx_word' id='word_1_120' title='bbox 139 1139 370 1185; x_wconf 86' lang='lat' dir='ltr'>marginibus</span> <span class='ocrx_word' id='word_1_121' title='bbox 402 1140 579 1175; x_wconf 88' lang='lat' dir='ltr'>librorum</span> <span class='ocrx_word' id='word_1_122' title='bbox 604 1140 759 1174; x_wconf 87' lang='lat' dir='ltr'>duorum</span> <span class='ocrx_word' id='word_1_123' title='bbox 784 1139 1025 1185; x_wconf 82' lang='lat' dir='ltr'>gemellorum</span> <span class='ocrx_word' id='word_1_124' title='bbox 1054 1139 1301 1174; x_wconf 80' lang='lat' dir='ltr'>Berolinensis</span> <span class='ocrx_word' id='word_1_125' title='bbox 1327 1139 1594 1184; x_wconf 77' lang='lat' dir='ltr'>Phillippsiani</span> <span class='ocrx_word' id='word_1_126' title='bbox 1623 1141 1707 1174; x_wconf 84' lang='lat'>1741</span> <span class='ocrx_word' id='word_1_127' title='bbox 1730 1155 1771 1168; x_wconf 71' lang='grc' dir='ltr'>Ξ</span> <span class='ocrx_word' id='word_1_128' title='bbox 1795 1140 1828 1173; x_wconf 79' lang='grc' dir='ltr'><strong><em>Υ</em></strong></span> <span class='ocrx_word' id='word_1_129' title='bbox 1851 1143 1887 1174; x_wconf 83' lang='lat' dir='ltr'>et</span> <span class='ocrx_word' id='word_1_130' title='bbox 1913 1139 2072 1174; x_wconf 86' lang='lat' dir='ltr'>Parisiui</span> 
     </span>
     <span class='ocr_line' id='line_1_18' title="bbox 141 1196 2073 1241; baseline -0.001 -10"><span class='ocrx_word' id='word_1_131' title='bbox 141 1197 254 1231; x_wconf 83' lang='lat'>12445</span> <span class='ocrx_word' id='word_1_132' title='bbox 272 1212 315 1226; x_wconf 71' lang='grc' dir='ltr'>τ·-</span> <span class='ocrx_word' id='word_1_133' title='bbox 332 1197 380 1232; x_wconf 92' lang='lat' dir='ltr'>D.</span> <span class='ocrx_word' id='word_1_134' title='bbox 423 1197 524 1232; x_wconf 87' lang='lat' dir='ltr'>Idem</span> <span class='ocrx_word' id='word_1_135' title='bbox 543 1197 657 1231; x_wconf 82' lang='lat' dir='ltr'>codex</span> <span class='ocrx_word' id='word_1_136' title='bbox 677 1196 823 1232; x_wconf 78' lang='lat' dir='ltr'>videtur</span> <span class='ocrx_word' id='word_1_137' title='bbox 840 1196 1012 1241; x_wconf 78' lang='lat' dir='ltr'>intellegi</span> <span class='ocrx_word' id='word_1_138' title='bbox 1036 1208 1057 1231; x_wconf 89' lang='lat' dir='ltr'>a</span> <span class='ocrx_word' id='word_1_139' title='bbox 1078 1198 1368 1232; x_wconf 74' lang='lat' dir='ltr'>commentatore</span> <span class='ocrx_word' id='word_1_140' title='bbox 1387 1196 1536 1232; x_wconf 83' lang='lat' dir='ltr'>decreta</span> <span class='ocrx_word' id='word_1_141' title='bbox 1555 1196 1727 1231; x_wconf 85' lang='lat' dir='ltr'>Gratiani</span> <span class='ocrx_word' id='word_1_142' title='bbox 1753 1208 1846 1231; x_wconf 85' lang='lat' dir='ltr'>saec.</span> <span class='ocrx_word' id='word_1_143' title='bbox 1864 1196 1933 1230; x_wconf 85' lang='lat' dir='ltr'>XII</span> <span class='ocrx_word' id='word_1_144' title='bbox 1949 1197 2073 1240; x_wconf 83' lang='lat' dir='ltr'>(supra</span> 
     </span>
     <span class='ocr_line' id='line_1_19' title="bbox 140 1252 2074 1299; baseline -0.002 -10"><span class='ocrx_word' id='word_1_145' title='bbox 140 1267 175 1299; x_wconf 89' lang='lat' dir='ltr'>p.</span> <span class='ocrx_word' id='word_1_146' title='bbox 194 1254 415 1299; x_wconf 87' lang='lat' dir='ltr'>LXXVIII),</span> <span class='ocrx_word' id='word_1_147' title='bbox 446 1253 512 1289; x_wconf 90' lang='lat' dir='ltr'>ubi</span> <span class='ocrx_word' id='word_1_148' title='bbox 539 1254 594 1290; x_wconf 89' lang='lat' dir='ltr'>ait</span> <span class='ocrx_word' id='word_1_149' title='bbox 620 1254 919 1290; x_wconf 84' lang='lat' dir='ltr'>Theodosianum</span> <span class='ocrx_word' id='word_1_150' title='bbox 945 1255 1035 1289; x_wconf 83' lang='lat' dir='ltr'>‘esse-</span> <span class='ocrx_word' id='word_1_151' title='bbox 1061 1254 1271 1289; x_wconf 81' lang='lat' dir='ltr'>Aurelianis</span> <span class='ocrx_word' id='word_1_152' title='bbox 1297 1256 1335 1289; x_wconf 84' lang='lat' dir='ltr'>et</span> <span class='ocrx_word' id='word_1_153' title='bbox 1361 1254 1460 1299; x_wconf 87' lang='lat' dir='ltr'>apud</span> <span class='ocrx_word' id='word_1_154' title='bbox 1486 1257 1656 1289; x_wconf 81' lang='lat' dir='ltr'>sanctum</span> <span class='ocrx_word' id='word_1_155' title='bbox 1680 1253 1920 1297; x_wconf 72' lang='lat' dir='ltr'>Dionysium‘.</span> <span class='ocrx_word' id='word_1_156' title='bbox 1972 1252 2074 1287; x_wconf 86' lang='lat' dir='ltr'>Libri</span> 
     </span>
     <span class='ocr_line' id='line_1_20' title="bbox 138 1311 818 1348; baseline 0.001 -2"><span class='ocrx_word' id='word_1_157' title='bbox 138 1312 197 1346; x_wconf 86' lang='lat' dir='ltr'>illi</span> <span class='ocrx_word' id='word_1_158' title='bbox 221 1311 306 1347; x_wconf 86' lang='lat' dir='ltr'>inde</span> <span class='ocrx_word' id='word_1_159' title='bbox 331 1311 504 1347; x_wconf 85' lang='lat' dir='ltr'>adferunt</span> <span class='ocrx_word' id='word_1_160' title='bbox 528 1311 708 1348; x_wconf 89' lang='lat' dir='ltr'>lectiones</span> <span class='ocrx_word' id='word_1_161' title='bbox 733 1312 818 1347; x_wconf 88' lang='lat' dir='ltr'>has:</span> 
     </span>
    </p>
   </div>
   <div class='ocr_carea' id='block_1_4' title="bbox 230 1374 2077 1778">
    <p class='ocr_par' dir='ltr' id='par_1_4' title="bbox 230 1374 2077 1778">
     <span class='ocr_line' id='line_1_21' title="bbox 230 1374 2077 1421; baseline -0.002 -11"><span class='ocrx_word' id='word_1_162' title='bbox 230 1375 264 1417; x_wconf 88' lang='lat'>4,</span> <span class='ocrx_word' id='word_1_163' title='bbox 281 1375 333 1417; x_wconf 90' lang='grc'>18,</span> <span class='ocrx_word' id='word_1_164' title='bbox 348 1376 380 1417; x_wconf 88' lang='grc'>2,</span> <span class='ocrx_word' id='word_1_165' title='bbox 393 1375 417 1410; x_wconf 83' lang='grc'>4</span> <span class='ocrx_word' id='word_1_166' title='bbox 442 1376 645 1410; x_wconf 84' lang='lat' dir='ltr'>communis</span> <span class='ocrx_word' id='word_1_167' title='bbox 671 1375 855 1421; x_wconf 81' lang='lat' dir='ltr'>partibus]</span> <span class='ocrx_word' id='word_1_168' title='bbox 873 1375 924 1410; x_wconf 90' lang='lat' dir='ltr'>‘in</span> <span class='ocrx_word' id='word_1_169' title='bbox 941 1375 998 1420; x_wconf 80' lang='lat' dir='ltr'>Dy</span> <span class='ocrx_word' id='word_1_170' title='bbox 1017 1375 1273 1411; x_wconf 83' lang='lat' dir='ltr'>communibus</span> <span class='ocrx_word' id='word_1_171' title='bbox 1290 1375 1475 1420; x_wconf 80' lang='lat' dir='ltr'>partibus‘</span> <span class='ocrx_word' id='word_1_172' title='bbox 1492 1375 1542 1419; x_wconf 85' lang='lat' dir='ltr'>D,</span> <span class='ocrx_word' id='word_1_173' title='bbox 1566 1375 1785 1410; x_wconf 69' lang='lat' dir='ltr'>consentiens</span> <span class='ocrx_word' id='word_1_174' title='bbox 1808 1375 1848 1409; x_wconf 80' lang='lat' dir='ltr'>in</span> <span class='ocrx_word' id='word_1_175' title='bbox 1872 1374 1935 1408; x_wconf 84' lang='lat' dir='ltr'>hoc·</span> <span class='ocrx_word' id='word_1_176' title='bbox 1959 1384 2077 1408; x_wconf 83' lang='lat' dir='ltr'>errore</span> 
     </span>
     <span class='ocr_line' id='line_1_22' title="bbox 486 1432 833 1468; baseline 0.003 -1"><span class='ocrx_word' id='word_1_177' title='bbox 486 1443 567 1468; x_wconf 86' lang='lat' dir='ltr'>cum</span> <span class='ocrx_word' id='word_1_178' title='bbox 590 1444 667 1468; x_wconf 86' lang='lat' dir='ltr'>uno</span> <span class='ocrx_word' id='word_1_179' title='bbox 691 1433 779 1468; x_wconf 60' lang='lat' dir='ltr'>libro</span> <span class='ocrx_word' id='word_1_180' title='bbox 803 1432 833 1468; x_wconf 91' lang='lat' dir='ltr'><em>O</em></span> 
     </span>
     <span class='ocr_line' id='line_1_23' title="bbox 231 1487 1938 1536; baseline 0 -12"><span class='ocrx_word' id='word_1_181' title='bbox 231 1490 267 1532; x_wconf 89' lang='lat'>4,</span> <span class='ocrx_word' id='word_1_182' title='bbox 282 1489 335 1531; x_wconf 87' lang='lat'>19,</span> <span class='ocrx_word' id='word_1_183' title='bbox 352 1490 381 1531; x_wconf 93' lang='lat'>1,</span> <span class='ocrx_word' id='word_1_184' title='bbox 396 1489 438 1524; x_wconf 80' lang='lat'>*8</span> <span class='ocrx_word' id='word_1_185' title='bbox 456 1489 522 1525; x_wconf 87' lang='lat' dir='ltr'>int.</span> <span class='ocrx_word' id='word_1_186' title='bbox 559 1490 772 1526; x_wconf 81' lang='lat' dir='ltr'>ordinamus</span> <span class='ocrx_word' id='word_1_187' title='bbox 797 1493 839 1526; x_wconf 82' lang='lat' dir='ltr'>ut</span> <span class='ocrx_word' id='word_1_188' title='bbox 864 1502 936 1526; x_wconf 91' lang='lat' dir='ltr'>non</span> <span class='ocrx_word' id='word_1_189' title='bbox 960 1490 1093 1536; x_wconf 86' lang='lat' dir='ltr'>uelint]</span> <span class='ocrx_word' id='word_1_190' title='bbox 1119 1490 1170 1525; x_wconf 89' lang='lat' dir='ltr'>‘in</span> <span class='ocrx_word' id='word_1_191' title='bbox 1198 1490 1254 1534; x_wconf 78' lang='lat' dir='ltr'>Dy</span> <span class='ocrx_word' id='word_1_192' title='bbox 1280 1489 1532 1525; x_wconf 74' lang='lat' dir='ltr'>ordinauimus</span> <span class='ocrx_word' id='word_1_193' title='bbox 1557 1502 1629 1535; x_wconf 83' lang='lat' dir='ltr'>quo</span> <span class='ocrx_word' id='word_1_194' title='bbox 1655 1502 1726 1524; x_wconf 89' lang='lat' dir='ltr'>non</span> <span class='ocrx_word' id='word_1_195' title='bbox 1752 1487 1884 1525; x_wconf 86' lang='lat' dir='ltr'>uelint&#39;</span> <span class='ocrx_word' id='word_1_196' title='bbox 1900 1490 1938 1524; x_wconf 89' lang='lat' dir='ltr'><strong><em>D</em></strong></span> 
     </span>
     <span class='ocr_line' id='line_1_24' title="bbox 235 1547 1236 1593; baseline 0 -11"><span class='ocrx_word' id='word_1_197' title='bbox 235 1548 268 1589; x_wconf 83' lang='lat'>4,</span> <span class='ocrx_word' id='word_1_198' title='bbox 282 1547 337 1589; x_wconf 93' lang='grc'>20,</span> <span class='ocrx_word' id='word_1_199' title='bbox 351 1548 384 1589; x_wconf 88' lang='grc'>3,</span> <span class='ocrx_word' id='word_1_200' title='bbox 400 1549 417 1582; x_wconf 94' lang='lat'>1</span> <span class='ocrx_word' id='word_1_201' title='bbox 444 1548 546 1593; x_wconf 87' lang='lat' dir='ltr'>apud</span> <span class='ocrx_word' id='word_1_202' title='bbox 571 1550 657 1583; x_wconf 84' lang='lat' dir='ltr'>acta</span> <span class='ocrx_word' id='word_1_203' title='bbox 681 1549 760 1593; x_wconf 66' lang='lat' dir='ltr'>om]</span> <span class='ocrx_word' id='word_1_204' title='bbox 785 1548 835 1583; x_wconf 83' lang='lat' dir='ltr'>‘in</span> <span class='ocrx_word' id='word_1_205' title='bbox 860 1549 918 1593; x_wconf 73' lang='lat' dir='ltr'>Dy</span> <span class='ocrx_word' id='word_1_206' title='bbox 944 1549 1044 1593; x_wconf 89' lang='lat' dir='ltr'>apud</span> <span class='ocrx_word' id='word_1_207' title='bbox 1073 1547 1172 1583; x_wconf 62' lang='lat' dir='ltr'>acta*</span> <span class='ocrx_word' id='word_1_208' title='bbox 1197 1548 1236 1582; x_wconf 90' lang='lat' dir='ltr'><em>D</em></span> 
     </span>
     <span class='ocr_line' id='line_1_25' title="bbox 234 1605 1143 1651; baseline 0 -12"><span class='ocrx_word' id='word_1_209' title='bbox 234 1605 266 1646; x_wconf 86' lang='lat'>9,</span> <span class='ocrx_word' id='word_1_210' title='bbox 284 1605 382 1648; x_wconf 91' lang='grc'>1,19,</span> <span class='ocrx_word' id='word_1_211' title='bbox 398 1605 419 1640; x_wconf 89' lang='grc'>8</span> <span class='ocrx_word' id='word_1_212' title='bbox 445 1605 645 1651; x_wconf 86' lang='lat' dir='ltr'>custodiat]</span> <span class='ocrx_word' id='word_1_213' title='bbox 669 1605 720 1640; x_wconf 84' lang='lat' dir='ltr'>‘in</span> <span class='ocrx_word' id='word_1_214' title='bbox 745 1605 803 1650; x_wconf 78' lang='lat' dir='ltr'>Dy</span> <span class='ocrx_word' id='word_1_215' title='bbox 829 1605 1032 1641; x_wconf 72' lang='lat' dir='ltr'>custodiae²</span> <span class='ocrx_word' id='word_1_216' title='bbox 1058 1605 1143 1640; x_wconf 71' lang='grc' dir='ltr'>ΒΥ</span> 
     </span>
     <span class='ocr_line' id='line_1_26' title="bbox 375 1662 1178 1709; baseline 0 -12"><span class='ocrx_word' id='word_1_217' title='bbox 375 1663 416 1697; x_wconf 80' lang='grc'>*2</span> <span class='ocrx_word' id='word_1_218' title='bbox 441 1666 573 1708; x_wconf 90' lang='lat' dir='ltr'>sponte</span> <span class='ocrx_word' id='word_1_219' title='bbox 598 1663 768 1709; x_wconf 85' lang='lat' dir='ltr'>fingenti]</span> <span class='ocrx_word' id='word_1_220' title='bbox 795 1663 848 1699; x_wconf 86' lang='lat' dir='ltr'>sic</span> <span class='ocrx_word' id='word_1_221' title='bbox 873 1663 924 1698; x_wconf 84' lang='lat' dir='ltr'>‘in</span> <span class='ocrx_word' id='word_1_222' title='bbox 950 1662 1112 1707; x_wconf 83' lang='lat' dir='ltr'>Dyoniii&#39;</span> <span class='ocrx_word' id='word_1_223' title='bbox 1136 1663 1178 1697; x_wconf 74' lang='lat' dir='ltr'>Y.</span> 
     </span>
     <span class='ocr_line' id='line_1_27' title="bbox 257 1729 1749 1778; baseline -0.001 -13"><span class='ocrx_word' id='word_1_224' title='bbox 257 1731 511 1767; x_wconf 87' lang='lat' dir='ltr'>Murbacensis</span> <span class='ocrx_word' id='word_1_225' title='bbox 538 1732 676 1768; x_wconf 86' lang='lat' dir='ltr'>codicis</span> <span class='ocrx_word' id='word_1_226' title='bbox 701 1732 962 1778; x_wconf 81' lang='lat' dir='ltr'>apographum</span> <span class='ocrx_word' id='word_1_227' title='bbox 988 1734 1092 1767; x_wconf 85' lang='lat' dir='ltr'>extat-</span> <span class='ocrx_word' id='word_1_228' title='bbox 1118 1731 1331 1766; x_wconf 85' lang='lat' dir='ltr'>Basileense</span> <span class='ocrx_word' id='word_1_229' title='bbox 1359 1732 1485 1775; x_wconf 78' lang='lat' dir='ltr'>(supra</span> <span class='ocrx_word' id='word_1_230' title='bbox 1514 1741 1548 1774; x_wconf 88' lang='lat' dir='ltr'>p.</span> <span class='ocrx_word' id='word_1_231' title='bbox 1567 1729 1749 1767; x_wconf 75' lang='lat' dir='ltr'>LXXIII).</span> 
     </span>
    </p>
   </div>
   <div class='ocr_carea' id='block_1_5' title="bbox 143 1832 2079 1986">
    <p class='ocr_par' dir='ltr' id='par_1_5' title="bbox 143 1832 2079 1986">
     <span class='ocr_line' id='line_1_28' title="bbox 143 1832 2079 1882; baseline -0.001 -14"><span class='ocrx_word' id='word_1_232' title='bbox 143 1833 323 1870; x_wconf 87' lang='lat' dir='ltr'>Addimus</span> <span class='ocrx_word' id='word_1_233' title='bbox 347 1839 526 1881; x_wconf 79' lang='lat' dir='ltr'>excerpta</span> <span class='ocrx_word' id='word_1_234' title='bbox 551 1847 595 1871; x_wconf 88' lang='lat' dir='ltr'>ex</span> <span class='ocrx_word' id='word_1_235' title='bbox 621 1837 805 1882; x_wconf 84' lang='lat' dir='ltr'>catalogis</span> <span class='ocrx_word' id='word_1_236' title='bbox 830 1836 1162 1878; x_wconf 84' lang='lat' dir='ltr'>bibliothecarum,</span> <span class='ocrx_word' id='word_1_237' title='bbox 1194 1834 1354 1870; x_wconf 79' lang='lat' dir='ltr'>maxime</span> <span class='ocrx_word' id='word_1_238' title='bbox 1386 1846 1431 1869; x_wconf 81' lang='lat' dir='ltr'>ex</span> <span class='ocrx_word' id='word_1_239' title='bbox 1458 1832 1672 1879; x_wconf 80' lang='lat' dir='ltr'>compilatis</span> <span class='ocrx_word' id='word_1_240' title='bbox 1697 1844 1718 1867; x_wconf 88' lang='lat' dir='ltr'>a</span> <span class='ocrx_word' id='word_1_241' title='bbox 1746 1832 1911 1867; x_wconf 80' lang='lat' dir='ltr'>Gustavo</span> <span class='ocrx_word' id='word_1_242' title='bbox 1937 1833 2079 1868; x_wconf 87' lang='lat' dir='ltr'>Becker</span> 
     </span>
     <span class='ocr_line' id='line_1_29' title="bbox 143 1889 2078 1938; baseline -0.001 -12"><span class='ocrx_word' id='word_1_243' title='bbox 143 1892 309 1936; x_wconf 78' lang='lat' dir='ltr'>(Bonnae</span> <span class='ocrx_word' id='word_1_244' title='bbox 330 1892 441 1937; x_wconf 82' lang='lat'>1885),</span> <span class='ocrx_word' id='word_1_245' title='bbox 467 1904 694 1938; x_wconf 86' lang='lat' dir='ltr'>quamquam</span> <span class='ocrx_word' id='word_1_246' title='bbox 720 1905 811 1938; x_wconf 89' lang='lat' dir='ltr'>quos</span> <span class='ocrx_word' id='word_1_247' title='bbox 836 1905 1092 1928; x_wconf 85' lang='lat' dir='ltr'>enumeramus</span> <span class='ocrx_word' id='word_1_248' title='bbox 1117 1904 1242 1928; x_wconf 88' lang='lat' dir='ltr'>omnes</span> <span class='ocrx_word' id='word_1_249' title='bbox 1268 1892 1315 1927; x_wconf 86' lang='lat' dir='ltr'>ad</span> <span class='ocrx_word' id='word_1_250' title='bbox 1338 1890 1567 1926; x_wconf 81' lang='lat' dir='ltr'>Breviarium</span> <span class='ocrx_word' id='word_1_251' title='bbox 1595 1889 1817 1935; x_wconf 80' lang='lat' dir='ltr'>pertinuisse</span> <span class='ocrx_word' id='word_1_252' title='bbox 1843 1902 2078 1934; x_wconf 81' lang='lat' dir='ltr'>nequaquam</span> 
     </span>
     <span class='ocr_line' id='line_1_30' title="bbox 143 1951 378 1986; baseline 0.004 -2"><span class='ocrx_word' id='word_1_253' title='bbox 143 1951 285 1984; x_wconf 87' lang='lat' dir='ltr'>certum</span> <span class='ocrx_word' id='word_1_254' title='bbox 311 1952 378 1986; x_wconf 89' lang='lat' dir='ltr'>est.</span> 
     </span>
    </p>
   </div>
   <div class='ocr_carea' id='block_1_6' title="bbox 142 2017 2085 3160">
    <p class='ocr_par' dir='ltr' id='par_1_6' title="bbox 142 2017 2084 2582">
     <span class='ocr_line' id='line_1_31' title="bbox 142 2017 2080 2066; baseline -0.002 -12"><span class='ocrx_word' id='word_1_255' title='bbox 142 2019 329 2066; x_wconf 85' lang='lat' dir='ltr'>Augiense</span> <span class='ocrx_word' id='word_1_256' title='bbox 354 2021 621 2057; x_wconf 86' lang='lat' dir='ltr'>monasterium</span> <span class='ocrx_word' id='word_1_257' title='bbox 646 2033 678 2056; x_wconf 89' lang='lat' dir='ltr'>a.</span> <span class='ocrx_word' id='word_1_258' title='bbox 693 2021 760 2056; x_wconf 88' lang='grc'>822</span> <span class='ocrx_word' id='word_1_259' title='bbox 787 2021 942 2065; x_wconf 85' lang='lat' dir='ltr'>(Becker</span> <span class='ocrx_word' id='word_1_260' title='bbox 967 2022 1035 2056; x_wconf 66' lang='grc'>116</span> <span class='ocrx_word' id='word_1_261' title='bbox 1062 2033 1096 2066; x_wconf 90' lang='lat' dir='ltr'>p.</span> <span class='ocrx_word' id='word_1_262' title='bbox 1111 2021 1147 2065; x_wconf 85' lang='grc'>8)</span> <span class='ocrx_word' id='word_1_263' title='bbox 1171 2019 1303 2054; x_wconf 80' lang='grc'>11.142;</span> <span class='ocrx_word' id='word_1_264' title='bbox 1330 2018 1410 2053; x_wconf 72' lang='lat' dir='ltr'>Lea:</span> <span class='ocrx_word' id='word_1_265' title='bbox 1432 2017 1688 2061; x_wconf 75' lang='lat' dir='ltr'>Theodosiana,</span> <span class='ocrx_word' id='word_1_266' title='bbox 1717 2017 1759 2052; x_wconf 88' lang='lat' dir='ltr'>de</span> <span class='ocrx_word' id='word_1_267' title='bbox 1785 2017 1932 2052; x_wconf 79' lang='lat' dir='ltr'>dii-ersis</span> <span class='ocrx_word' id='word_1_268' title='bbox 1950 2017 2080 2051; x_wconf 84' lang='lat' dir='ltr'>Roma-</span> 
     </span>
     <span class='ocr_line' id='line_1_32' title="bbox 235 2074 2081 2123; baseline -0.002 -12"><span class='ocrx_word' id='word_1_269' title='bbox 235 2087 365 2112; x_wconf 79' lang='lat' dir='ltr'>norum</span> <span class='ocrx_word' id='word_1_270' title='bbox 389 2078 540 2123; x_wconf 64' lang='lat' dir='ltr'>legibus,</span> <span class='ocrx_word' id='word_1_271' title='bbox 567 2079 622 2113; x_wconf 73' lang='lat' dir='ltr'>lex</span> <span class='ocrx_word' id='word_1_272' title='bbox 648 2078 841 2122; x_wconf 78' lang='lat' dir='ltr'>Ribuaria,</span> <span class='ocrx_word' id='word_1_273' title='bbox 872 2079 929 2113; x_wconf 77' lang='lat' dir='ltr'>lea:</span> <span class='ocrx_word' id='word_1_274' title='bbox 955 2079 1082 2114; x_wconf 83' lang='lat' dir='ltr'>Salica</span> <span class='ocrx_word' id='word_1_275' title='bbox 1106 2082 1135 2113; x_wconf 89' lang='lat' dir='ltr'>et</span> <span class='ocrx_word' id='word_1_276' title='bbox 1160 2079 1216 2112; x_wconf 69' lang='lat' dir='ltr'>lese</span> <span class='ocrx_word' id='word_1_277' title='bbox 1240 2076 1483 2112; x_wconf 83' lang='lat' dir='ltr'>Alamannica</span> <span class='ocrx_word' id='word_1_278' title='bbox 1508 2079 1541 2110; x_wconf 85' lang='lat' dir='ltr'>et</span> <span class='ocrx_word' id='word_1_279' title='bbox 1563 2076 1724 2119; x_wconf 74' lang='lat' dir='ltr'>capitula</span> <span class='ocrx_word' id='word_1_280' title='bbox 1748 2074 1868 2109; x_wconf 80' lang='lat' dir='ltr'>domn-i</span> <span class='ocrx_word' id='word_1_281' title='bbox 1893 2074 2024 2109; x_wconf 83' lang='lat' dir='ltr'>Karoli</span> <span class='ocrx_word' id='word_1_282' title='bbox 2050 2077 2081 2108; x_wconf 87' lang='lat' dir='ltr'>et</span> 
     </span>
     <span class='ocr_line' id='line_1_33' title="bbox 234 2131 2080 2180; baseline -0.002 -12"><span class='ocrx_word' id='word_1_283' title='bbox 234 2134 356 2169; x_wconf 85' lang='lat' dir='ltr'>domni</span> <span class='ocrx_word' id='word_1_284' title='bbox 382 2134 576 2171; x_wconf 71' lang='lat' dir='ltr'>Hlodovici</span> <span class='ocrx_word' id='word_1_285' title='bbox 599 2136 681 2180; x_wconf 79' lang='lat' dir='ltr'>imp.</span> <span class='ocrx_word' id='word_1_286' title='bbox 707 2136 876 2171; x_wconf 85' lang='lat' dir='ltr'>addenda</span> <span class='ocrx_word' id='word_1_287' title='bbox 901 2136 1030 2180; x_wconf 69' lang='lat' dir='ltr'>leyibus</span> <span class='ocrx_word' id='word_1_288' title='bbox 1060 2147 1127 2171; x_wconf 86' lang='lat' dir='ltr'>nee</span> <span class='ocrx_word' id='word_1_289' title='bbox 1151 2147 1227 2170; x_wconf 82' lang='lat' dir='ltr'>non</span> <span class='ocrx_word' id='word_1_290' title='bbox 1256 2138 1287 2169; x_wconf 91' lang='lat' dir='ltr'>et</span> <span class='ocrx_word' id='word_1_291' title='bbox 1315 2134 1390 2168; x_wconf 87' lang='lat' dir='ltr'>alia</span> <span class='ocrx_word' id='word_1_292' title='bbox 1415 2133 1576 2177; x_wconf 75' lang='lat' dir='ltr'>capitula</span> <span class='ocrx_word' id='word_1_293' title='bbox 1599 2133 1676 2167; x_wconf 87' lang='lat' dir='ltr'>eius</span> <span class='ocrx_word' id='word_1_294' title='bbox 1699 2132 1743 2168; x_wconf 89' lang='lat' dir='ltr'>de</span> <span class='ocrx_word' id='word_1_295' title='bbox 1767 2131 1976 2167; x_wconf 72' lang='lat' dir='ltr'>nutriendis</span> <span class='ocrx_word' id='word_1_296' title='bbox 2000 2131 2080 2165; x_wconf 87' lang='lat' dir='ltr'>ani-</span> 
     </span>
     <span class='ocr_line' id='line_1_34' title="bbox 234 2189 2081 2238; baseline -0.002 -11"><span class='ocrx_word' id='word_1_297' title='bbox 234 2192 385 2227; x_wconf 79' lang='lat' dir='ltr'>malibus</span> <span class='ocrx_word' id='word_1_298' title='bbox 409 2196 444 2227; x_wconf 91' lang='lat' dir='ltr'>et</span> <span class='ocrx_word' id='word_1_299' title='bbox 468 2193 657 2228; x_wconf 86' lang='lat' dir='ltr'>laborandi</span> <span class='ocrx_word' id='word_1_300' title='bbox 681 2204 772 2228; x_wconf 85' lang='lat' dir='ltr'>cura</span> <span class='ocrx_word' id='word_1_301' title='bbox 796 2195 838 2228; x_wconf 88' lang='lat' dir='ltr'>in</span> <span class='ocrx_word' id='word_1_302' title='bbox 863 2193 1051 2229; x_wconf 68' lang='lat' dir='ltr'>domest-ica</span> <span class='ocrx_word' id='word_1_303' title='bbox 1076 2193 1306 2238; x_wconf 64' lang='lat' dir='ltr'>agricultura</span> <span class='ocrx_word' id='word_1_304' title='bbox 1330 2192 1371 2226; x_wconf 88' lang='lat' dir='ltr'>in</span> <span class='ocrx_word' id='word_1_305' title='bbox 1395 2191 1461 2226; x_wconf 77' lang='lat' dir='ltr'>rol.</span> <span class='ocrx_word' id='word_1_306' title='bbox 1480 2191 1509 2225; x_wconf 89' lang='lat' dir='ltr'>I.</span> <span class='ocrx_word' id='word_1_307' title='bbox 1558 2191 1685 2225; x_wconf 86' lang='lat' dir='ltr'>Denuo</span> <span class='ocrx_word' id='word_1_308' title='bbox 1717 2190 1754 2225; x_wconf 91' lang='lat' dir='ltr'>in</span> <span class='ocrx_word' id='word_1_309' title='bbox 1785 2190 1959 2236; x_wconf 81' lang='lat' dir='ltr'>cata-logo</span> <span class='ocrx_word' id='word_1_310' title='bbox 1991 2189 2081 2224; x_wconf 90' lang='lat' dir='ltr'>eius-</span> 
     </span>
     <span class='ocr_line' id='line_1_35' title="bbox 237 2247 2082 2296; baseline -0.003 -12"><span class='ocrx_word' id='word_1_311' title='bbox 237 2249 319 2284; x_wconf 91' lang='lat' dir='ltr'>dem</span> <span class='ocrx_word' id='word_1_312' title='bbox 349 2249 603 2286; x_wconf 77' lang='lat' dir='ltr'>bibliothecae</span> <span class='ocrx_word' id='word_1_313' title='bbox 635 2263 667 2286; x_wconf 89' lang='lat' dir='ltr'>a.</span> <span class='ocrx_word' id='word_1_314' title='bbox 686 2251 754 2286; x_wconf 84' lang='lat'>842</span> <span class='ocrx_word' id='word_1_315' title='bbox 781 2251 938 2294; x_wconf 84' lang='lat' dir='ltr'>(Becker</span> <span class='ocrx_word' id='word_1_316' title='bbox 962 2264 995 2286; x_wconf 91' lang='lat' dir='ltr'>n.</span> <span class='ocrx_word' id='word_1_317' title='bbox 1017 2251 1059 2286; x_wconf 88' lang='lat'>10</span> <span class='ocrx_word' id='word_1_318' title='bbox 1085 2263 1119 2296; x_wconf 88' lang='lat' dir='ltr'>p.</span> <span class='ocrx_word' id='word_1_319' title='bbox 1138 2251 1197 2291; x_wconf 74' lang='lat'>22)</span> <span class='ocrx_word' id='word_1_320' title='bbox 1223 2249 1291 2285; x_wconf 88' lang='lat' dir='ltr'>sic:</span> <span class='ocrx_word' id='word_1_321' title='bbox 1326 2250 1368 2283; x_wconf 88' lang='lat' dir='ltr'>in</span> <span class='ocrx_word' id='word_1_322' title='bbox 1396 2248 1542 2293; x_wconf 79' lang='lat' dir='ltr'>septimo</span> <span class='ocrx_word' id='word_1_323' title='bbox 1574 2247 1706 2283; x_wconf 85' lang='lat' dir='ltr'>decimo</span> <span class='ocrx_word' id='word_1_324' title='bbox 1737 2247 1823 2282; x_wconf 68' lang='lat' dir='ltr'>libro</span> <span class='ocrx_word' id='word_1_325' title='bbox 1852 2248 2082 2282; x_wconf 76' lang='lat' dir='ltr'>continentur</span> 
     </span>
     <span class='ocr_line' id='line_1_36' title="bbox 235 2304 2084 2353; baseline -0.003 -11"><span class='ocrx_word' id='word_1_326' title='bbox 235 2308 323 2353; x_wconf 73' lang='lat' dir='ltr'>leyes</span> <span class='ocrx_word' id='word_1_327' title='bbox 352 2307 525 2353; x_wconf 78' lang='lat' dir='ltr'>diversae,</span> <span class='ocrx_word' id='word_1_328' title='bbox 559 2309 599 2343; x_wconf 81' lang='lat' dir='ltr'>id</span> <span class='ocrx_word' id='word_1_329' title='bbox 628 2313 679 2344; x_wconf 84' lang='lat' dir='ltr'>est</span> <span class='ocrx_word' id='word_1_330' title='bbox 709 2310 763 2344; x_wconf 73' lang='lat' dir='ltr'>lex</span> <span class='ocrx_word' id='word_1_331' title='bbox 787 2310 1094 2352; x_wconf 83' lang='lat' dir='ltr'>Alamannorum,</span> <span class='ocrx_word' id='word_1_332' title='bbox 1132 2310 1188 2344; x_wconf 74' lang='lat' dir='ltr'>lex</span> <span class='ocrx_word' id='word_1_333' title='bbox 1213 2307 1413 2352; x_wconf 72' lang='lat' dir='ltr'>Ripuaria,</span> <span class='ocrx_word' id='word_1_334' title='bbox 1451 2307 1504 2341; x_wconf 76' lang='lat' dir='ltr'>lex</span> <span class='ocrx_word' id='word_1_335' title='bbox 1528 2306 1662 2349; x_wconf 81' lang='lat' dir='ltr'>Salica,</span> <span class='ocrx_word' id='word_1_336' title='bbox 1697 2306 1752 2340; x_wconf 75' lang='lat' dir='ltr'>lex</span> <span class='ocrx_word' id='word_1_337' title='bbox 1780 2304 2027 2340; x_wconf 74' lang='lat' dir='ltr'>Theodosiana</span> <span class='ocrx_word' id='word_1_338' title='bbox 2052 2306 2084 2337; x_wconf 85' lang='lat' dir='ltr'>et</span> 
     </span>
     <span class='ocr_line' id='line_1_37' title="bbox 235 2361 2082 2411; baseline -0.003 -12"><span class='ocrx_word' id='word_1_339' title='bbox 235 2365 364 2400; x_wconf 77' lang='lat' dir='ltr'>dii-ersi</span> <span class='ocrx_word' id='word_1_340' title='bbox 399 2367 592 2410; x_wconf 77' lang='lat' dir='ltr'>capitular.</span> <span class='ocrx_word' id='word_1_341' title='bbox 618 2366 786 2411; x_wconf 76' lang='lat' dir='ltr'>Pippini,</span> <span class='ocrx_word' id='word_1_342' title='bbox 818 2366 950 2401; x_wconf 84' lang='lat' dir='ltr'>Karoli</span> <span class='ocrx_word' id='word_1_343' title='bbox 981 2370 1013 2401; x_wconf 83' lang='lat' dir='ltr'>et</span> <span class='ocrx_word' id='word_1_344' title='bbox 1047 2365 1089 2400; x_wconf 90' lang='lat' dir='ltr'><strong><em>H</em></strong></span> <span class='ocrx_word' id='word_1_345' title='bbox 1093 2366 1244 2400; x_wconf 81' lang='lat' dir='ltr'>ludovici</span> <span class='ocrx_word' id='word_1_346' title='bbox 1280 2375 1396 2408; x_wconf 69' lang='lat' dir='ltr'>reyum</span> <span class='ocrx_word' id='word_1_347' title='bbox 1429 2367 1461 2398; x_wconf 92' lang='lat' dir='ltr'>et</span> <span class='ocrx_word' id='word_1_348' title='bbox 1491 2363 1579 2398; x_wconf 74' lang='lat' dir='ltr'>ordo</span> <span class='ocrx_word' id='word_1_349' title='bbox 1613 2363 1864 2398; x_wconf 53' lang='lat' dir='ltr'>ecclesiastici&amp;</span> <span class='ocrx_word' id='word_1_350' title='bbox 1895 2361 2082 2396; x_wconf 79' lang='lat' dir='ltr'>Romanae</span> 
     </span>
     <span class='ocr_line' id='line_1_38' title="bbox 237 2419 2084 2468; baseline -0.003 -10"><span class='ocrx_word' id='word_1_351' title='bbox 237 2423 395 2458; x_wconf 82' lang='lat' dir='ltr'>eeclesiae</span> <span class='ocrx_word' id='word_1_352' title='bbox 419 2427 451 2458; x_wconf 91' lang='lat' dir='ltr'>et</span> <span class='ocrx_word' id='word_1_353' title='bbox 467 2424 620 2468; x_wconf 80' lang='lat' dir='ltr'>qualiter</span> <span class='ocrx_word' id='word_1_354' title='bbox 636 2425 745 2458; x_wconf 84' lang='lat' dir='ltr'>missa</span> <span class='ocrx_word' id='word_1_355' title='bbox 761 2424 951 2459; x_wconf 84' lang='lat' dir='ltr'>celebretur</span> <span class='ocrx_word' id='word_1_356' title='bbox 971 2427 1002 2458; x_wconf 88' lang='lat' dir='ltr'>et</span> <span class='ocrx_word' id='word_1_357' title='bbox 1027 2423 1068 2458; x_wconf 86' lang='lat' dir='ltr'>de</span> <span class='ocrx_word' id='word_1_358' title='bbox 1084 2423 1211 2465; x_wconf 75' lang='lat' dir='ltr'>officiis</span> <span class='ocrx_word' id='word_1_359' title='bbox 1227 2422 1358 2456; x_wconf 80' lang='lat' dir='ltr'>divinis</span> <span class='ocrx_word' id='word_1_360' title='bbox 1382 2421 1422 2454; x_wconf 87' lang='lat' dir='ltr'>in</span> <span class='ocrx_word' id='word_1_361' title='bbox 1447 2421 1607 2455; x_wconf 74' lang='lat' dir='ltr'>noctibus</span> <span class='ocrx_word' id='word_1_362' title='bbox 1632 2432 1655 2454; x_wconf 87' lang='lat' dir='ltr'>a</span> <span class='ocrx_word' id='word_1_363' title='bbox 1679 2431 1791 2455; x_wconf 85' lang='lat' dir='ltr'>caena</span> <span class='ocrx_word' id='word_1_364' title='bbox 1816 2419 1951 2454; x_wconf 82' lang='lat' dir='ltr'>domini</span> <span class='ocrx_word' id='word_1_365' title='bbox 1974 2429 2084 2462; x_wconf 82' lang='lat' dir='ltr'>usque</span> 
     </span>
     <span class='ocr_line' id='line_1_39' title="bbox 235 2477 2081 2525; baseline -0.002 -11"><span class='ocrx_word' id='word_1_366' title='bbox 235 2480 278 2514; x_wconf 86' lang='lat' dir='ltr'>in</span> <span class='ocrx_word' id='word_1_367' title='bbox 295 2480 432 2524; x_wconf 76' lang='lat' dir='ltr'>pascha</span> <span class='ocrx_word' id='word_1_368' title='bbox 456 2484 486 2516; x_wconf 84' lang='lat' dir='ltr'>et</span> <span class='ocrx_word' id='word_1_369' title='bbox 503 2481 656 2525; x_wconf 79' lang='lat' dir='ltr'>qualiter</span> <span class='ocrx_word' id='word_1_370' title='bbox 671 2482 713 2515; x_wconf 88' lang='lat' dir='ltr'>in</span> <span class='ocrx_word' id='word_1_371' title='bbox 736 2485 864 2516; x_wconf 80' lang='lat' dir='ltr'>sancta</span> <span class='ocrx_word' id='word_1_372' title='bbox 882 2481 1052 2516; x_wconf 84' lang='lat' dir='ltr'>Romana</span> <span class='ocrx_word' id='word_1_373' title='bbox 1077 2481 1218 2515; x_wconf 84' lang='lat' dir='ltr'>ecclesia</span> <span class='ocrx_word' id='word_1_374' title='bbox 1241 2478 1410 2523; x_wconf 77' lang='lat' dir='ltr'>reliquiae</span> <span class='ocrx_word' id='word_1_375' title='bbox 1428 2477 1632 2512; x_wconf 80' lang='lat' dir='ltr'>conduntur</span> <span class='ocrx_word' id='word_1_376' title='bbox 1651 2482 1683 2512; x_wconf 88' lang='lat' dir='ltr'>et</span> <span class='ocrx_word' id='word_1_377' title='bbox 1698 2477 1871 2522; x_wconf 87' lang='lat' dir='ltr'>quomodo</span> <span class='ocrx_word' id='word_1_378' title='bbox 1894 2477 1934 2511; x_wconf 85' lang='lat' dir='ltr'>in</span> <span class='ocrx_word' id='word_1_379' title='bbox 1957 2480 2081 2511; x_wconf 64' lang='lat' dir='ltr'>samia</span> 
     </span>
     <span class='ocr_line' id='line_1_40' title="bbox 238 2534 1782 2582; baseline -0.003 -9"><span class='ocrx_word' id='word_1_380' title='bbox 238 2537 408 2573; x_wconf 78' lang='lat' dir='ltr'>Romana</span> <span class='ocrx_word' id='word_1_381' title='bbox 435 2539 576 2573; x_wconf 83' lang='lat' dir='ltr'>ecclesia</span> <span class='ocrx_word' id='word_1_382' title='bbox 599 2538 841 2574; x_wconf 73' lang='lat' dir='ltr'>ordinationes</span> <span class='ocrx_word' id='word_1_383' title='bbox 863 2540 955 2582; x_wconf 75' lang='lat' dir='ltr'>fiant</span> <span class='ocrx_word' id='word_1_384' title='bbox 979 2542 1009 2572; x_wconf 90' lang='lat' dir='ltr'>et</span> <span class='ocrx_word' id='word_1_385' title='bbox 1033 2538 1193 2582; x_wconf 82' lang='lat' dir='ltr'>capitula</span> <span class='ocrx_word' id='word_1_386' title='bbox 1220 2538 1258 2571; x_wconf 88' lang='lat' dir='ltr'>in</span> <span class='ocrx_word' id='word_1_387' title='bbox 1284 2536 1445 2572; x_wconf 83' lang='lat' dir='ltr'>omnibus</span> <span class='ocrx_word' id='word_1_388' title='bbox 1470 2534 1660 2569; x_wconf 83' lang='lat' dir='ltr'>laborandi</span> <span class='ocrx_word' id='word_1_389' title='bbox 1684 2545 1782 2569; x_wconf 87' lang='lat' dir='ltr'>cura.</span> 
     </span>
    </p>

    <p class='ocr_par' dir='ltr' id='par_1_7' title="bbox 146 2592 1915 2638">
     <span class='ocr_line' id='line_1_41' title="bbox 146 2592 1915 2638; baseline -0.002 -8"><span class='ocrx_word' id='word_1_390' title='bbox 146 2594 380 2631; x_wconf 69' lang='lat' dir='ltr'>Geni-,alensis</span> <span class='ocrx_word' id='word_1_391' title='bbox 405 2595 564 2631; x_wconf 85' lang='lat' dir='ltr'>ecclesia</span> <span class='ocrx_word' id='word_1_392' title='bbox 590 2595 668 2630; x_wconf 88' lang='lat' dir='ltr'>sive</span> <span class='ocrx_word' id='word_1_393' title='bbox 694 2596 728 2631; x_wconf 88' lang='lat' dir='ltr'>S.</span> <span class='ocrx_word' id='word_1_394' title='bbox 746 2595 926 2631; x_wconf 86' lang='lat' dir='ltr'>Richardi</span> <span class='ocrx_word' id='word_1_395' title='bbox 952 2608 985 2630; x_wconf 85' lang='lat' dir='ltr'>a.</span> <span class='ocrx_word' id='word_1_396' title='bbox 1002 2596 1067 2630; x_wconf 70' lang='lat'>8:31</span> <span class='ocrx_word' id='word_1_397' title='bbox 1096 2595 1254 2638; x_wconf 84' lang='lat' dir='ltr'>(Becker</span> <span class='ocrx_word' id='word_1_398' title='bbox 1276 2607 1311 2628; x_wconf 88' lang='lat' dir='ltr'>n.</span> <span class='ocrx_word' id='word_1_399' title='bbox 1333 2595 1371 2628; x_wconf 89' lang='lat'>11</span> <span class='ocrx_word' id='word_1_400' title='bbox 1400 2605 1435 2638; x_wconf 90' lang='lat' dir='ltr'>p.</span> <span class='ocrx_word' id='word_1_401' title='bbox 1454 2593 1529 2635; x_wconf 55' lang='grc'>28,»;</span> <span class='ocrx_word' id='word_1_402' title='bbox 1556 2592 1624 2627; x_wconf 90' lang='grc'>200</span> <span class='ocrx_word' id='word_1_403' title='bbox 1651 2593 1708 2626; x_wconf 65' lang='lat' dir='ltr'>leae</span> <span class='ocrx_word' id='word_1_404' title='bbox 1734 2592 1915 2626; x_wconf 85' lang='lat' dir='ltr'>Romana.</span> 
     </span>
    </p>

    <p class='ocr_par' dir='ltr' id='par_1_8' title="bbox 145 2648 2085 2871">
     <span class='ocr_line' id='line_1_42' title="bbox 145 2648 2085 2697; baseline -0.004 -9"><span class='ocrx_word' id='word_1_405' title='bbox 145 2652 400 2689; x_wconf 77' lang='lat' dir='ltr'>Cluniacensis</span> <span class='ocrx_word' id='word_1_406' title='bbox 430 2664 524 2688; x_wconf 86' lang='lat' dir='ltr'>saec.</span> <span class='ocrx_word' id='word_1_407' title='bbox 546 2653 715 2697; x_wconf 78' lang='lat' dir='ltr'>XlIlXIIl</span> <span class='ocrx_word' id='word_1_408' title='bbox 750 2653 906 2696; x_wconf 76' lang='lat' dir='ltr'>(Delisle</span> <span class='ocrx_word' id='word_1_409' title='bbox 931 2654 955 2688; x_wconf 92' lang='grc'>1.</span> <span class='ocrx_word' id='word_1_410' title='bbox 975 2665 1004 2688; x_wconf 91' lang='grc'>9.</span> <span class='ocrx_word' id='word_1_411' title='bbox 1023 2654 1054 2694; x_wconf 93' lang='grc'>2,</span> <span class='ocrx_word' id='word_1_412' title='bbox 1073 2653 1140 2687; x_wconf 85' lang='grc'>458</span> <span class='ocrx_word' id='word_1_413' title='bbox 1155 2654 1244 2696; x_wconf 88' lang='lat' dir='ltr'>seq.)</span> <span class='ocrx_word' id='word_1_414' title='bbox 1275 2652 1343 2686; x_wconf 78' lang='lat'>447</span> <span class='ocrx_word' id='word_1_415' title='bbox 1374 2651 1534 2685; x_wconf 72' lang='lat' dir='ltr'>volumen</span> <span class='ocrx_word' id='word_1_416' title='bbox 1565 2650 1605 2683; x_wconf 80' lang='lat' dir='ltr'>in</span> <span class='ocrx_word' id='word_1_417' title='bbox 1638 2660 1705 2693; x_wconf 82' lang='lat' dir='ltr'>quo</span> <span class='ocrx_word' id='word_1_418' title='bbox 1737 2649 1966 2683; x_wconf 85' lang='lat' dir='ltr'>eontinentur</span> <span class='ocrx_word' id='word_1_419' title='bbox 1995 2648 2085 2691; x_wconf 63' lang='lat' dir='ltr'>leges</span> 
     </span>
     <span class='ocr_line' id='line_1_43' title="bbox 239 2705 2084 2753; baseline -0.004 -8"><span class='ocrx_word' id='word_1_420' title='bbox 239 2710 428 2745; x_wconf 75' lang='lat' dir='ltr'>Romanae</span> <span class='ocrx_word' id='word_1_421' title='bbox 457 2721 481 2744; x_wconf 89' lang='lat' dir='ltr'>a</span> <span class='ocrx_word' id='word_1_422' title='bbox 501 2709 699 2745; x_wconf 86' lang='lat' dir='ltr'>Theodosio</span> <span class='ocrx_word' id='word_1_423' title='bbox 728 2721 772 2745; x_wconf 77' lang='lat' dir='ltr'>ex</span> <span class='ocrx_word' id='word_1_424' title='bbox 794 2710 938 2745; x_wconf 72' lang='lat' dir='ltr'>diversis</span> <span class='ocrx_word' id='word_1_425' title='bbox 968 2711 1070 2745; x_wconf 86' lang='lat' dir='ltr'>libris</span> <span class='ocrx_word' id='word_1_426' title='bbox 1103 2713 1280 2753; x_wconf 75' lang='lat' dir='ltr'>excerptae</span> <span class='ocrx_word' id='word_1_427' title='bbox 1304 2728 1348 2733; x_wconf 89' lang='lat'>-—</span> <span class='ocrx_word' id='word_1_428' title='bbox 1373 2708 1441 2742; x_wconf 85' lang='lat'>449</span> <span class='ocrx_word' id='word_1_429' title='bbox 1465 2719 1495 2741; x_wconf 84' lang='lat' dir='ltr'>r.</span> <span class='ocrx_word' id='word_1_430' title='bbox 1514 2707 1556 2740; x_wconf 83' lang='lat' dir='ltr'>in</span> <span class='ocrx_word' id='word_1_431' title='bbox 1578 2717 1608 2750; x_wconf 84' lang='lat' dir='ltr'>q.</span> <span class='ocrx_word' id='word_1_432' title='bbox 1628 2717 1655 2740; x_wconf 86' lang='lat' dir='ltr'>c.</span> <span class='ocrx_word' id='word_1_433' title='bbox 1682 2705 1819 2740; x_wconf 84' lang='lat' dir='ltr'>iudicia</span> <span class='ocrx_word' id='word_1_434' title='bbox 1843 2705 1902 2740; x_wconf 81' lang='lat' dir='ltr'>dei</span> <span class='ocrx_word' id='word_1_435' title='bbox 1932 2709 1965 2739; x_wconf 88' lang='lat' dir='ltr'>et</span> <span class='ocrx_word' id='word_1_436' title='bbox 1995 2705 2084 2750; x_wconf 68' lang='lat' dir='ltr'>leyes</span> 
     </span>
     <span class='ocr_line' id='line_1_44' title="bbox 242 2761 2082 2813; baseline -0.005 -9"><span class='ocrx_word' id='word_1_437' title='bbox 242 2769 510 2813; x_wconf 76' lang='lat' dir='ltr'>Theodosium,</span> <span class='ocrx_word' id='word_1_438' title='bbox 539 2768 625 2804; x_wconf 88' lang='lat' dir='ltr'>liber</span> <span class='ocrx_word' id='word_1_439' title='bbox 648 2769 915 2804; x_wconf 74' lang='lat' dir='ltr'>institutionum</span> <span class='ocrx_word' id='word_1_440' title='bbox 938 2769 1025 2804; x_wconf 84' lang='lat' dir='ltr'>Gaii</span> <span class='ocrx_word' id='word_1_441' title='bbox 1048 2768 1251 2810; x_wconf 82' lang='lat' dir='ltr'>cuiusdam,</span> <span class='ocrx_word' id='word_1_442' title='bbox 1288 2767 1401 2801; x_wconf 86' lang='lat' dir='ltr'>Pauli</span> <span class='ocrx_word' id='word_1_443' title='bbox 1426 2766 1626 2800; x_wconf 77' lang='lat' dir='ltr'>sententiae</span> <span class='ocrx_word' id='word_1_444' title='bbox 1651 2763 1701 2798; x_wconf 89' lang='lat' dir='ltr'>ad</span> <span class='ocrx_word' id='word_1_445' title='bbox 1729 2763 1834 2806; x_wconf 71' lang='lat' dir='ltr'>finem</span> <span class='ocrx_word' id='word_1_446' title='bbox 1860 2782 1901 2788; x_wconf 91' lang='lat'>—</span> <span class='ocrx_word' id='word_1_447' title='bbox 1927 2762 1992 2796; x_wconf 81' lang='lat'>461</span> <span class='ocrx_word' id='word_1_448' title='bbox 2020 2761 2082 2795; x_wconf 78' lang='lat' dir='ltr'>vol.</span> 
     </span>
     <span class='ocr_line' id='line_1_45' title="bbox 238 2822 1825 2871; baseline -0.003 -11"><span class='ocrx_word' id='word_1_449' title='bbox 238 2826 279 2861; x_wconf 87' lang='lat' dir='ltr'>in</span> <span class='ocrx_word' id='word_1_450' title='bbox 303 2838 334 2871; x_wconf 89' lang='lat' dir='ltr'>q.</span> <span class='ocrx_word' id='word_1_451' title='bbox 350 2837 378 2862; x_wconf 86' lang='lat' dir='ltr'>c.</span> <span class='ocrx_word' id='word_1_452' title='bbox 405 2827 491 2871; x_wconf 64' lang='lat' dir='ltr'>leges</span> <span class='ocrx_word' id='word_1_453' title='bbox 515 2826 738 2862; x_wconf 78' lang='lat' dir='ltr'>diversorum</span> <span class='ocrx_word' id='word_1_454' title='bbox 761 2827 1019 2871; x_wconf 75' lang='lat' dir='ltr'>imperatorum</span> <span class='ocrx_word' id='word_1_455' title='bbox 1044 2846 1087 2852; x_wconf 90' lang='lat'>—</span> <span class='ocrx_word' id='word_1_456' title='bbox 1111 2827 1180 2861; x_wconf 84' lang='grc'>462</span> <span class='ocrx_word' id='word_1_457' title='bbox 1206 2826 1269 2861; x_wconf 80' lang='lat' dir='ltr'>rol.</span> <span class='ocrx_word' id='word_1_458' title='bbox 1296 2826 1334 2859; x_wconf 87' lang='lat' dir='ltr'>in</span> <span class='ocrx_word' id='word_1_459' title='bbox 1358 2836 1387 2869; x_wconf 84' lang='lat' dir='ltr'>q.</span> <span class='ocrx_word' id='word_1_460' title='bbox 1407 2835 1433 2859; x_wconf 85' lang='lat' dir='ltr'>c.</span> <span class='ocrx_word' id='word_1_461' title='bbox 1459 2825 1550 2868; x_wconf 64' lang='lat' dir='ltr'>leges</span> <span class='ocrx_word' id='word_1_462' title='bbox 1573 2823 1605 2857; x_wconf 94' lang='lat' dir='ltr'><em>T</em></span> <span class='ocrx_word' id='word_1_463' title='bbox 1606 2822 1825 2856; x_wconf 82' lang='lat' dir='ltr'>heodosiane.</span> 
     </span>
    </p>

    <p class='ocr_par' dir='ltr' id='par_1_9' title="bbox 148 2876 2084 3160">
     <span class='ocr_line' id='line_1_46' title="bbox 148 2876 2084 2930; baseline -0.005 -11"><span class='ocrx_word' id='word_1_464' title='bbox 148 2883 327 2920; x_wconf 84' lang='lat' dir='ltr'>Corbeiae</span> <span class='ocrx_word' id='word_1_465' title='bbox 359 2895 452 2920; x_wconf 88' lang='lat' dir='ltr'>saec.</span> <span class='ocrx_word' id='word_1_466' title='bbox 471 2885 523 2919; x_wconf 92' lang='lat' dir='ltr'>XI</span> <span class='ocrx_word' id='word_1_467' title='bbox 553 2884 713 2929; x_wconf 86' lang='lat' dir='ltr'>(Becker</span> <span class='ocrx_word' id='word_1_468' title='bbox 737 2897 770 2920; x_wconf 90' lang='lat' dir='ltr'>n.</span> <span class='ocrx_word' id='word_1_469' title='bbox 789 2886 833 2919; x_wconf 80' lang='lat'>55</span> <span class='ocrx_word' id='word_1_470' title='bbox 859 2898 893 2930; x_wconf 89' lang='lat' dir='ltr'>p.</span> <span class='ocrx_word' id='word_1_471' title='bbox 915 2885 980 2920; x_wconf 80' lang='lat'>139</span> <span class='ocrx_word' id='word_1_472' title='bbox 1007 2900 1049 2914; x_wconf 91' lang='lat'><strong><em>=</em></strong></span> <span class='ocrx_word' id='word_1_473' title='bbox 1075 2883 1215 2920; x_wconf 83' lang='lat' dir='ltr'>Delisle</span> <span class='ocrx_word' id='word_1_474' title='bbox 1242 2883 1314 2917; x_wconf 78' lang='lat' dir='ltr'>cab.</span> <span class='ocrx_word' id='word_1_475' title='bbox 1340 2881 1400 2916; x_wconf 85' lang='lat' dir='ltr'>des</span> <span class='ocrx_word' id='word_1_476' title='bbox 1429 2891 1507 2914; x_wconf 85' lang='lat' dir='ltr'>mss.</span> <span class='ocrx_word' id='word_1_477' title='bbox 1534 2881 1564 2921; x_wconf 95' lang='grc'>2,</span> <span class='ocrx_word' id='word_1_478' title='bbox 1584 2880 1682 2922; x_wconf 80' lang='grc'>427);</span> <span class='ocrx_word' id='word_1_479' title='bbox 1716 2879 1735 2912; x_wconf 82' lang='grc'>7</span> <span class='ocrx_word' id='word_1_480' title='bbox 1761 2879 1817 2913; x_wconf 75' lang='lat' dir='ltr'>lex</span> <span class='ocrx_word' id='word_1_481' title='bbox 1843 2877 2010 2912; x_wconf 82' lang='lat' dir='ltr'>Romana</span> <span class='ocrx_word' id='word_1_482' title='bbox 2040 2876 2084 2910; x_wconf 82' lang='lat' dir='ltr'>ab</span> 
     </span>
     <span class='ocr_line' id='line_1_47' title="bbox 241 2933 2083 2986; baseline -0.005 -9"><span class='ocrx_word' id='word_1_483' title='bbox 241 2942 388 2976; x_wconf 66' lang='lat' dir='ltr'>Alarico</span> <span class='ocrx_word' id='word_1_484' title='bbox 404 2952 483 2986; x_wconf 72' lang='lat' dir='ltr'>reye</span> <span class='ocrx_word' id='word_1_485' title='bbox 501 2941 704 2977; x_wconf 75' lang='lat' dir='ltr'>abbreviata</span> <span class='ocrx_word' id='word_1_486' title='bbox 729 2962 772 2967; x_wconf 94' lang='lat'>-</span> <span class='ocrx_word' id='word_1_487' title='bbox 797 2942 817 2976; x_wconf 81' lang='lat'><em>8</em></span> <span class='ocrx_word' id='word_1_488' title='bbox 844 2942 925 2976; x_wconf 83' lang='lat' dir='ltr'>libri</span> <span class='ocrx_word' id='word_1_489' title='bbox 952 2945 1104 2976; x_wconf 75' lang='lat' dir='ltr'>veterum</span> <span class='ocrx_word' id='word_1_490' title='bbox 1128 2940 1275 2974; x_wconf 84' lang='lat' dir='ltr'>sedecim</span> <span class='ocrx_word' id='word_1_491' title='bbox 1301 2959 1344 2964; x_wconf 86' lang='lat'>——</span> <span class='ocrx_word' id='word_1_492' title='bbox 1368 2939 1389 2973; x_wconf 80' lang='lat'>9</span> <span class='ocrx_word' id='word_1_493' title='bbox 1415 2937 1496 2971; x_wconf 80' lang='lat' dir='ltr'>libri</span> <span class='ocrx_word' id='word_1_494' title='bbox 1523 2937 1738 2971; x_wconf 71' lang='lat' dir='ltr'>›eoi-ellarum</span> <span class='ocrx_word' id='word_1_495' title='bbox 1763 2945 1824 2970; x_wconf 62' lang='lat' dir='ltr'>sex</span> <span class='ocrx_word' id='word_1_496' title='bbox 1846 2933 2036 2969; x_wconf 81' lang='lat' dir='ltr'>Theodosii</span> <span class='ocrx_word' id='word_1_497' title='bbox 2053 2933 2083 2976; x_wconf 86' lang='lat' dir='ltr'>I,</span> 
     </span>
     <span class='ocr_line' id='line_1_48' title="bbox 244 2990 2084 3043; baseline -0.005 -9"><span class='ocrx_word' id='word_1_498' title='bbox 244 2999 496 3034; x_wconf 85' lang='lat' dir='ltr'>Valentiniani</span> <span class='ocrx_word' id='word_1_499' title='bbox 512 2999 542 3043; x_wconf 92' lang='lat' dir='ltr'>I,</span> <span class='ocrx_word' id='word_1_500' title='bbox 569 2999 754 3034; x_wconf 82' lang='lat' dir='ltr'>Martiani</span> <span class='ocrx_word' id='word_1_501' title='bbox 773 2999 801 3034; x_wconf 90' lang='lat' dir='ltr'><em>I</em></span> <span class='ocrx_word' id='word_1_502' title='bbox 815 3020 858 3024; x_wconf 89' lang='lat'>—-</span> <span class='ocrx_word' id='word_1_503' title='bbox 886 3000 929 3035; x_wconf 92' lang='lat'>10</span> <span class='ocrx_word' id='word_1_504' title='bbox 946 3000 1001 3033; x_wconf 66' lang='lat' dir='ltr'>lea·</span> <span class='ocrx_word' id='word_1_505' title='bbox 1018 2997 1325 3042; x_wconf 74' lang='lat' dir='ltr'>Ruryundionum</span> <span class='ocrx_word' id='word_1_506' title='bbox 1347 3015 1389 3020; x_wconf 93' lang='lat'>—-</span> <span class='ocrx_word' id='word_1_507' title='bbox 1415 2997 1454 3030; x_wconf 93' lang='grc'>11</span> <span class='ocrx_word' id='word_1_508' title='bbox 1476 2996 1530 3029; x_wconf 75' lang='lat' dir='ltr'>lenc</span> <span class='ocrx_word' id='word_1_509' title='bbox 1549 2994 1756 3029; x_wconf 80' lang='lat' dir='ltr'>Gothorum.</span> <span class='ocrx_word' id='word_1_510' title='bbox 1793 2993 1887 3027; x_wconf 86' lang='lat' dir='ltr'>Item</span> <span class='ocrx_word' id='word_1_511' title='bbox 1905 3001 1998 3025; x_wconf 84' lang='lat' dir='ltr'>saec.</span> <span class='ocrx_word' id='word_1_512' title='bbox 2014 2990 2084 3024; x_wconf 89' lang='lat' dir='ltr'>XII</span> 
     </span>
     <span class='ocr_line' id='line_1_49' title="bbox 240 3048 2082 3102; baseline -0.005 -10"><span class='ocrx_word' id='word_1_513' title='bbox 240 3058 289 3101; x_wconf 92' lang='lat' dir='ltr'>(n.</span> <span class='ocrx_word' id='word_1_514' title='bbox 305 3058 348 3093; x_wconf 83' lang='lat'>79</span> <span class='ocrx_word' id='word_1_515' title='bbox 373 3069 408 3102; x_wconf 90' lang='lat' dir='ltr'>p.</span> <span class='ocrx_word' id='word_1_516' title='bbox 425 3055 490 3092; x_wconf 88' lang='grc'>186</span> <span class='ocrx_word' id='word_1_517' title='bbox 508 3072 551 3086; x_wconf 91' lang='lat'>==</span> <span class='ocrx_word' id='word_1_518' title='bbox 568 3057 707 3093; x_wconf 88' lang='lat' dir='ltr'>Delisle</span> <span class='ocrx_word' id='word_1_519' title='bbox 733 3057 756 3091; x_wconf 96' lang='grc'>1.</span> <span class='ocrx_word' id='word_1_520' title='bbox 776 3069 804 3092; x_wconf 89' lang='lat' dir='ltr'>c.</span> <span class='ocrx_word' id='word_1_521' title='bbox 823 3069 858 3102; x_wconf 89' lang='lat' dir='ltr'>p.</span> <span class='ocrx_word' id='word_1_522' title='bbox 872 3056 972 3099; x_wconf 85' lang='grc'>428);</span> <span class='ocrx_word' id='word_1_523' title='bbox 1006 3056 1050 3091; x_wconf 82' lang='grc'>58</span> <span class='ocrx_word' id='word_1_524' title='bbox 1076 3055 1215 3090; x_wconf 75' lang='lat' dir='ltr'>Alarici</span> <span class='ocrx_word' id='word_1_525' title='bbox 1242 3055 1336 3099; x_wconf 66' lang='lat' dir='ltr'>regis</span> <span class='ocrx_word' id='word_1_526' title='bbox 1360 3053 1564 3087; x_wconf 78' lang='lat' dir='ltr'>auctoritas.</span> <span class='ocrx_word' id='word_1_527' title='bbox 1615 3051 1709 3087; x_wconf 82' lang='lat' dir='ltr'>Item</span> <span class='ocrx_word' id='word_1_528' title='bbox 1735 3062 1764 3085; x_wconf 96' lang='grc'>9.</span> <span class='ocrx_word' id='word_1_529' title='bbox 1784 3061 1815 3085; x_wconf 86' lang='lat' dir='ltr'>a.</span> <span class='ocrx_word' id='word_1_530' title='bbox 1837 3049 1925 3084; x_wconf 92' lang='grc'>1200</span> <span class='ocrx_word' id='word_1_531' title='bbox 1952 3051 1999 3091; x_wconf 83' lang='lat' dir='ltr'>(n.</span> <span class='ocrx_word' id='word_1_532' title='bbox 2018 3048 2082 3083; x_wconf 80' lang='lat'>136</span> 
     </span>
     <span class='ocr_line' id='line_1_50' title="bbox 240 3108 1768 3160; baseline -0.005 -11"><span class='ocrx_word' id='word_1_533' title='bbox 240 3126 276 3160; x_wconf 89' lang='lat' dir='ltr'>p.</span> <span class='ocrx_word' id='word_1_534' title='bbox 294 3113 362 3149; x_wconf 81' lang='grc'>283</span> <span class='ocrx_word' id='word_1_535' title='bbox 388 3130 431 3144; x_wconf 90' lang='grc'>-·-</span> <span class='ocrx_word' id='word_1_536' title='bbox 456 3114 595 3150; x_wconf 90' lang='lat' dir='ltr'>Delisle</span> <span class='ocrx_word' id='word_1_537' title='bbox 621 3114 646 3149; x_wconf 96' lang='grc'>1.</span> <span class='ocrx_word' id='word_1_538' title='bbox 664 3126 694 3149; x_wconf 87' lang='grc'>9.</span> <span class='ocrx_word' id='word_1_539' title='bbox 713 3127 747 3160; x_wconf 90' lang='lat' dir='ltr'>p.</span> <span class='ocrx_word' id='word_1_540' title='bbox 766 3115 869 3158; x_wconf 71' lang='lat'>43⁶2):</span> <span class='ocrx_word' id='word_1_541' title='bbox 895 3114 960 3150; x_wconf 90' lang='grc'>201</span> <span class='ocrx_word' id='word_1_542' title='bbox 989 3115 1042 3148; x_wconf 72' lang='lat' dir='ltr'>lea:</span> <span class='ocrx_word' id='word_1_543' title='bbox 1068 3113 1237 3149; x_wconf 78' lang='lat' dir='ltr'>Romana</span> <span class='ocrx_word' id='word_1_544' title='bbox 1263 3113 1321 3155; x_wconf 91' lang='lat'>(=</span> <span class='ocrx_word' id='word_1_545' title='bbox 1346 3111 1466 3147; x_wconf 88' lang='lat' dir='ltr'>Berol.</span> <span class='ocrx_word' id='word_1_546' title='bbox 1486 3110 1600 3145; x_wconf 84' lang='lat' dir='ltr'>Phill.</span> <span class='ocrx_word' id='word_1_547' title='bbox 1625 3108 1768 3151; x_wconf 58' lang='grc'>17359).</span> 
     </span>
    </p>
   </div>
   <div class='ocr_carea' id='block_1_7' title="bbox 150 3208 2086 3428">
    <p class='ocr_par' dir='ltr' id='par_1_10' title="bbox 150 3208 2086 3264">
     <span class='ocr_line' id='line_1_51' title="bbox 150 3208 2086 3264; baseline -0.007 -10"><span class='ocrx_word' id='word_1_548' title='bbox 150 3217 374 3254; x_wconf 85' lang='lat' dir='ltr'>Cuiacianae</span> <span class='ocrx_word' id='word_1_549' title='bbox 399 3217 652 3254; x_wconf 84' lang='lat' dir='ltr'>bibliothecae</span> <span class='ocrx_word' id='word_1_550' title='bbox 679 3217 845 3264; x_wconf 86' lang='lat' dir='ltr'>catalogi</span> <span class='ocrx_word' id='word_1_551' title='bbox 869 3219 997 3253; x_wconf 80' lang='lat' dir='ltr'>extant</span> <span class='ocrx_word' id='word_1_552' title='bbox 1023 3217 1104 3257; x_wconf 88' lang='lat' dir='ltr'>duo,</span> <span class='ocrx_word' id='word_1_553' title='bbox 1132 3227 1287 3260; x_wconf 87' lang='lat' dir='ltr'>quorum</span> <span class='ocrx_word' id='word_1_554' title='bbox 1305 3213 1406 3259; x_wconf 90' lang='lat' dir='ltr'>prior</span> <span class='ocrx_word' id='word_1_555' title='bbox 1423 3212 1626 3258; x_wconf 78' lang='lat' dir='ltr'>inscriptus</span> <span class='ocrx_word' id='word_1_556' title='bbox 1650 3211 1835 3254; x_wconf 71' lang='lat' dir='ltr'>cataloyue</span> <span class='ocrx_word' id='word_1_557' title='bbox 1862 3208 1923 3243; x_wconf 87' lang='lat' dir='ltr'>des</span> <span class='ocrx_word' id='word_1_558' title='bbox 1944 3219 2022 3243; x_wconf 85' lang='lat' dir='ltr'>mss.</span> <span class='ocrx_word' id='word_1_559' title='bbox 2043 3208 2086 3242; x_wconf 86' lang='lat' dir='ltr'>de</span> 
     </span>
    </p>

    <p class='ocr_par' dir='ltr' id='par_1_11' title="bbox 244 3265 2085 3320">
     <span class='ocr_line' id='line_1_52' title="bbox 244 3265 2085 3320; baseline -0.007 -10"><span class='ocrx_word' id='word_1_560' title='bbox 244 3274 357 3319; x_wconf 75' lang='lat' dir='ltr'>Oujas</span> <span class='ocrx_word' id='word_1_561' title='bbox 379 3275 493 3310; x_wconf 77' lang='lat' dir='ltr'>dresse</span> <span class='ocrx_word' id='word_1_562' title='bbox 512 3286 587 3320; x_wconf 79' lang='lat' dir='ltr'>par</span> <span class='ocrx_word' id='word_1_563' title='bbox 603 3275 699 3310; x_wconf 85' lang='lat' dir='ltr'>Jean</span> <span class='ocrx_word' id='word_1_564' title='bbox 723 3275 766 3310; x_wconf 88' lang='lat' dir='ltr'>de</span> <span class='ocrx_word' id='word_1_565' title='bbox 783 3275 943 3320; x_wconf 78' lang='lat' dir='ltr'>Isimoyes</span> <span class='ocrx_word' id='word_1_566' title='bbox 969 3285 1013 3309; x_wconf 90' lang='lat' dir='ltr'>en</span> <span class='ocrx_word' id='word_1_567' title='bbox 1040 3279 1122 3309; x_wconf 83' lang='grc'>1575</span> <span class='ocrx_word' id='word_1_568' title='bbox 1147 3273 1217 3313; x_wconf 80' lang='lat' dir='ltr'>(ed.</span> <span class='ocrx_word' id='word_1_569' title='bbox 1235 3284 1279 3308; x_wconf 83' lang='lat' dir='ltr'>ex</span> <span class='ocrx_word' id='word_1_570' title='bbox 1304 3271 1430 3306; x_wconf 87' lang='lat' dir='ltr'>codice</span> <span class='ocrx_word' id='word_1_571' title='bbox 1449 3270 1617 3305; x_wconf 87' lang='lat' dir='ltr'>Parisino</span> <span class='ocrx_word' id='word_1_572' title='bbox 1637 3269 1716 3303; x_wconf 91' lang='lat' dir='ltr'>Lat.</span> <span class='ocrx_word' id='word_1_573' title='bbox 1730 3267 1822 3302; x_wconf 80' lang='lat'>4552</span> <span class='ocrx_word' id='word_1_574' title='bbox 1848 3266 1870 3300; x_wconf 91' lang='lat' dir='ltr'>f.</span> <span class='ocrx_word' id='word_1_575' title='bbox 1890 3265 2085 3300; x_wconf 76' lang='grc'>233-237</span> 
     </span>
    </p>

    <p class='ocr_par' dir='ltr' id='par_1_12' title="bbox 243 3322 2084 3428">
     <span class='ocr_line' id='line_1_53' title="bbox 243 3322 2084 3376; baseline -0.007 -8"><span class='ocrx_word' id='word_1_576' title='bbox 243 3334 287 3368; x_wconf 90' lang='grc' dir='ltr'>Η.</span> <span class='ocrx_word' id='word_1_577' title='bbox 307 3331 441 3368; x_wconf 84' lang='lat' dir='ltr'>Omont</span> <span class='ocrx_word' id='word_1_578' title='bbox 469 3334 630 3368; x_wconf 83' lang='lat' dir='ltr'>nouvelle</span> <span class='ocrx_word' id='word_1_579' title='bbox 654 3343 759 3368; x_wconf 75' lang='lat' dir='ltr'>rei-ue</span> <span class='ocrx_word' id='word_1_580' title='bbox 781 3332 971 3376; x_wconf 74' lang='lat' dir='ltr'>historique</span> <span class='ocrx_word' id='word_1_581' title='bbox 995 3331 1036 3366; x_wconf 72' lang='lat' dir='ltr'>tle</span> <span class='ocrx_word' id='word_1_582' title='bbox 1062 3330 1155 3365; x_wconf 83' lang='lat' dir='ltr'>droit</span> <span class='ocrx_word' id='word_1_583' title='bbox 1184 3330 1271 3364; x_wconf 78' lang='grc'>1885</span> <span class='ocrx_word' id='word_1_584' title='bbox 1298 3341 1332 3374; x_wconf 89' lang='lat' dir='ltr'>p.</span> <span class='ocrx_word' id='word_1_585' title='bbox 1352 3329 1434 3372; x_wconf 83' lang='lat'>257)</span> <span class='ocrx_word' id='word_1_586' title='bbox 1466 3329 1633 3363; x_wconf 84' lang='lat' dir='ltr'>recenset</span> <span class='ocrx_word' id='word_1_587' title='bbox 1665 3325 1779 3360; x_wconf 82' lang='lat' dir='ltr'>libros</span> <span class='ocrx_word' id='word_1_588' title='bbox 1812 3323 1969 3368; x_wconf 85' lang='lat' dir='ltr'>scriptos</span> <span class='ocrx_word' id='word_1_589' title='bbox 2001 3322 2084 3356; x_wconf 87' lang='lat' dir='ltr'>hos:</span> 
     </span>
     <span class='ocr_line' id='line_1_54' title="bbox 292 3390 1813 3428; baseline -0.006 -3"><span class='ocrx_word' id='word_1_590' title='bbox 292 3390 434 3428; x_wconf 62' lang='lat' dir='ltr'>Tenon.</span> <span class='ocrx_word' id='word_1_591' title='bbox 457 3394 483 3428; x_wconf 95' lang='lat' dir='ltr'>I.</span> <span class='ocrx_word' id='word_1_592' title='bbox 1793 3393 1813 3416; x_wconf 88' lang='lat' dir='ltr'><strong>G</strong></span> 
     </span>
    </p>
   </div>
  </div>
 </body>
</html>
