2501 3615
1027 139 1069 145 —
1119 115 1201 154 LIII
1250 137 1294 147 -—

191 225 242 266 16,
255 224 286 265 8,
301 223 344 258 10
368 219 433 267 qui
457 221 495 256 in
520 223 626 257 textu
651 224 735 257 sunt
762 225 904 266 ayentes
928 222 965 256 in
991 223 1103 258 rebus.
1141 223 1279 258 Contra
1300 222 1394 264 1053,
1409 224 1429 259 6
1453 224 1504 258 rei
1514 224 1712 270 p(1cblicae)
1726 226 1885 270 palatini
1909 232 1945 265 et
1967 231 2118 273 10,10,7

182 282 343 328 palatini
373 282 425 315 rei
450 279 650 325 michaeae)
683 280 914 325 corruptelae
946 285 1031 316 sunt
1068 281 1258 317 derivatae
1292 281 1370 318 sine
1403 281 1514 316 dubio
1548 293 1591 316 cx
1628 285 1845 329 compendio
1876 297 1958 322 com.
1983 299 2011 322 -ν,
2032 301 2069 334 p.
2097 302 2116 324 a

188 339 340 374 librario
365 338 506 373 inlatae
532 337 734 382 exemplari
762 349 891 382 parum
917 337 1118 374 intellecto.
1146 360 1188 364 —
1215 339 1346 374 Utrum
1377 339 1415 374 in
1441 339 1530 374 urbe
1559 339 1674 376 Roma
1699 341 1961 379 adnotationes
1995 346 2118 382 factae

188 397 263 432 sint
289 408 336 431 an
361 394 501 430 alicubi
527 394 565 429 in
589 395 791 439 provincia,
819 395 960 430 definiri
987 407 1057 430 non
1084 399 1219 441 potest.
1262 396 1358 431 Illud
1382 396 1582 432 Haenelius
1608 397 1679 432 sibi
1704 398 1802 434 visus
1828 404 1884 436 est
1910 402 2051 439 efficere
2075 416 2119 439 ex

187 453 339 489 scholiis
366 453 502 493 12.1‚4
527 471 570 476 —
598 452 649 489 13.
665 452 695 488 2³»,
711 453 733 486 4
764 473 799 477 ——
831 453 972 493 13‚5,4‚
999 465 1094 497 quae
1120 457 1318 499 propterea
1342 454 1418 489 suis
1444 454 1535 489 locis
1560 455 1840 501 adscripsimus;
1873 459 1964 494 mihi
1994 473 2013 495 e
2039 473 2119 496 con·

188 511 303 548 trario
335 509 568 556 probabilius
601 509 748 545 videtur
773 513 960 546 auctorem
994 511 1106 547 fuisse
1133 511 1410 557 provincialem.
1459 513 1557 547 Nam
1581 513 1686 549 ‘haec
1714 515 1812 550 urbs'
1838 515 1875 550 in
1901 517 2012 553 tertio
2039 519 2118 554 loco

190 569 250 604 vix
272 569 390 604 Roma
414 570 470 603 est
496 570 533 603 et
559 566 596 601 in
622 567 740 612 primo
766 568 998 613 secundoque
1025 569 1259 613 explicantur
1284 569 1450 605 diversae
1478 570 1711 606 condiciones
1738 572 1960 610 urbanorum
1986 575 2120 612 Roma-

187 638 316 662 norum
341 628 379 661 et
405 624 704 671 provincialium.

304 695 375 731 Sed
400 694 506 730 nobis
531 694 829 730 Theodosianum
856 695 1051 730 edentibus
1076 706 1170 739 quae
1198 694 1317 740 prima
1344 697 1512 740 quaestio
1546 701 1618 739 est,
1651 711 1736 734 num
1763 711 1806 735 ex
1832 700 1984 736 scholiis
2011 702 2119 737 huius

188 752 327 789 ordinis
352 751 497 796 aliquid
522 752 691 798 proficiat
718 752 882 798 ipsarum
907 752 1033 797 legum
1065 754 1204 794 textis,
1240 765 1319 788 eam
1352 766 1540 799 negamus.
1592 755 1744 792 Scilicet
1770 758 1912 793 scholia
1938 759 2029 794 haec
2055 760 2118 804 qui

187 810 358 851 dictavit,
383 821 455 845 non
480 809 615 845 habuit.
641 809 711 844 nisi
738 811 880 844 textum
908 821 990 844 eum
1009 821 1119 854 quem
1137 813 1316 852 tenemus,
1343 823 1414 846 non
1443 812 1524 847 dico
1550 812 1682 858 ipsum,
1709 826 1805 856 nam,
1831 819 1874 850 ut
1899 828 2011 861 supra
2031 817 2119 859 dixi,

188 880 271 904 eum
297 867 523 904 scholiastae
549 867 825 913 autographum
851 879 929 902 esse
950 867 1006 901 vel
1034 879 1076 902 eo
1102 867 1268 903 dictante
1293 869 1544 914 conscriptum
1563 872 1855 916 corruptelarum
1882 873 2021 910 indicia
2047 888 2119 911 non

187 926 406 967 admittunt,
433 926 497 961 sed
521 927 665 961 textum
690 923 888 970 archetypi
916 924 1074 970 proximi
1099 925 1274 961 similiter
1299 927 1523 962 mendosum.
1573 928 1803 974 Argumenta
1829 931 1920 966 haec
1947 936 2042 968 suut.

225 1019 254 1053 l.
280 1018 321 1053 In
346 1017 443 1054 libro
460 1018 558 1059 XVI,
584 1017 648 1062 qui
674 1016 712 1051 in
730 1016 915 1052 Vaticano
940 1017 1149 1063 descriptus
1175 1020 1231 1053 est
1257 1030 1299 1054 ex
1326 1019 1531 1064 archetypo
1558 1020 1690 1056 mut-ilo
1716 1022 1859 1057 omissis
1887 1024 2119 1060 constitutio-

278 1075 388 1111 nibus
420 1076 472 1117 16,
486 1076 554 1117 4‚7
585 1075 633 1110 ad
667 1074 719 1116 16,
734 1076 824 1115 5‚16
857 1076 906 1120 (p.
925 1074 1072 1119 XLVI),
1110 1075 1391 1111 summariorum
1425 1080 1554 1114 auctor
1589 1077 1720 1113 titulos
1757 1082 1795 1115 et
1833 1082 2118 1118 constitutiones

278 1133 490 1169 numeravit
526 1133 573 1168 ad
609 1143 778 1167 numeros
815 1144 881 1178 per
915 1133 1062 1168 hiatum
1099 1145 1182 1169 eum
1220 1134 1389 1175 effectos,
1427 1135 1589 1180 exempli
1627 1147 1739 1171 causa
1777 1138 1993 1175 constitutio
2035 1152 2117 1176 vere

281 1191 333 1233 16,
348 1192 379 1233 5,
395 1192 436 1225 17
462 1189 535 1236 ipsi
561 1192 617 1226 est
643 1189 748 1225 tituli
773 1190 897 1235 quarti
925 1190 1145 1226 constitutio
1172 1193 1307 1227 octava
1333 1194 1371 1227 et
1396 1192 1448 1227 sic
1476 1192 1662 1238 deinceps

220 1261 252 1296 !0

279 1258 508 1295 Constitutio
542 1259 702 1301 12‚1‚54
736 1270 855 1295 errore
888 1258 1034 1295 librarii
1057 1259 1235 1295 Vaticani
1269 1260 1306 1294 in
1339 1260 1501 1296 transitu
1534 1274 1556 1296 a
1581 1261 1721 1308 pagina
1752 1263 1799 1298 ad
1823 1264 2002 1310 paginam
2036 1279 2116 1301 cum

277 1317 335 1353 bis
359 1316 502 1363 scripta
531 1316 596 1357 sit,
630 1315 715 1352 inde
750 1316 1010 1362 adlegationes
1041 1316 1077 1351 in
1104 1317 1314 1353 summariis
1345 1317 1399 1353 ita
1432 1318 1588 1355 affectae
1614 1323 1715 1361 sunt,
1751 1322 1793 1355 ut
1825 1332 1868 1356 ea
1899 1323 2116 1368 plerumque

278 1374 336 1410 bis
360 1377 587 1410 numeretur.

219 1444 251 1479 3.
277 1443 519 1490 Corruptelae
554 1442 692 1479 codicis
716 1443 893 1479 Vaticani
917 1447 1100 1488 quatenus
1132 1445 1354 1490 perveniunt
1389 1446 1436 1481 ad
1467 1446 1609 1482 scholia
1642 1450 1783 1489 nostra,
1819 1447 1856 1483 in
1888 1448 1933 1483 iis
1965 1450 2119 1485 redeunt

279 1513 414 1538 omnes.
464 1503 523 1539 Ita
547 1502 599 1545 10,
616 1503 645 1544 1,
661 1503 681 1538 6
704 1502 888 1537 vocabula
911 1502 1094 1546 quaedam
1120 1503 1216 1538 male
1243 1503 1433 1549 adscripta
1458 1516 1501 1539 ex
1529 1505 1580 1545 10,
1598 1505 1626 1545 1,
1642 1505 1661 1538 7
1688 1508 1725 1540 et
1750 1510 1850 1542 recte
1875 1507 1999 1543 deleta
2025 1520 2047 1543 a
2067 1509 2120 1542 V²

277 1559 453 1596 similiter
483 1560 619 1595 adsunt
649 1559 689 1594 in
720 1559 872 1595 scholio.
922 1560 982 1594 Ita
1010 1560 1143 1602 14‚3,3
1168 1572 1211 1596 ex
1238 1560 1398 1597 lectione
1417 1561 1591 1596 Vaticani
1623 1566 1808 1597 conto-asta
1840 1576 1905 1609 pro
1935 1569 2119 1600 contractu

278 1617 318 1652 iu
350 1617 503 1653 scholiis
537 1618 710 1654 effectum
745 1620 801 1654 est
837 1620 1042 1653 monstrum
1077 1618 1251 1654 vocabuli
1288 1619 1472 1663 stnpariis.
1532 1619 1697 1664 Denique
1737 1623 1779 1656 ut
1815 1633 1926 1667 supra
1961 1622 2119 1659 vidimus

277 1676 505 1712 mutationes
530 1688 688 1722 paucas,
718 1687 811 1720 quas
835 1687 966 1710 manus
986 1675 1057 1709 V2*
1083 1675 1121 1710 in
1154 1678 1297 1712 textum
1323 1676 1472 1720 intulit,
1509 1676 1607 1712 iusta
1633 1678 1860 1714 auctoritate
1893 1691 2032 1722 carere,
2065 1681 2119 1717 ita.

278 1734 424 1769 nullum
448 1734 572 1770 locum
597 1733 733 1775 inveni,
759 1733 823 1778 qui
849 1745 916 1778 per
940 1733 1084 1769 scholia
1110 1734 1158 1768 ab
1185 1733 1314 1769 eadem
1339 1746 1451 1769 manu
1476 1733 1618 1779 scripta
1643 1735 1891 1780 probabiliter
1908 1738 2120 1783 expleretur

280 1791 339 1826 vel
365 1791 634 1828 emendaretur.
683 1791 828 1826 Habuit
853 1790 1001 1826 omnino
1027 1790 1059 1825 is
1084 1791 1149 1836 qui
1175 1791 1319 1826 scholia
1344 1791 1510 1837 scripsit,
1537 1793 1727 1838 exemplar
1751 1805 1774 1828 a
1791 1794 1975 1831 Vaticano
2003 1796 2118 1832 diver-

277 1861 373 1892 sum,
405 1849 469 1885 sed
498 1849 538 1884 ni
567 1849 678 1884 fallor
707 1848 831 1894 ipsum
855 1847 1033 1883 Vaticani
1063 1849 1308 1894 archetypum
1342 1848 1573 1894 propositum
1604 1849 1767 1886 librariis
1797 1851 1842 1886 iis
1876 1852 1940 1896 qui
1974 1855 2118 1889 textum

275 1906 504 1952 scripserunt
527 1906 656 1952 itaque
682 1918 705 1942 a
728 1906 953 1941 scholiorum
979 1905 1159 1951 scriptore
1185 1906 1395 1942 adhibitum
1421 1907 1468 1941 ad
1495 1918 1539 1942 ea
1564 1907 1848 1951 conscribenda,
1878 1921 1950 1944 non
1975 1911 2118 1946 adhibi-

277 1967 359 2000 tum
385 1965 433 2000 ad
463 1966 609 2001 textum
633 1964 914 2000 emendandum.

185 2045 242 2081 Ob
267 2056 351 2081 eam
376 2056 542 2087 causam,
569 2044 668 2089 quod
698 2045 746 2079 ad
771 2044 1022 2080 Theodosiani
1048 2047 1194 2081 textum
1218 2044 1329 2080 utilia
1355 2045 1459 2080 nulla
1485 2046 1746 2091 suppeditant,
1781 2046 1945 2082 abstinui
1977 2060 1998 2082 a
2029 2048 2117 2084 reci-

184 2103 332 2150 piendis
360 2102 514 2138 scholiis
542 2102 601 2137 his
625 2102 782 2148 integris
806 2103 844 2137 in
869 2103 965 2138 hanc
991 2102 1203 2139 editionem.
1254 2103 1347 2138 Octo
1374 2103 1512 2148 priores
1543 2103 1621 2138 eius
1652 2103 1765 2138 libros
1789 2116 1972 2148 nusquam
2003 2105 2039 2139 in
2073 2105 2118 2140 iis

185 2161 410 2208 adlegantur
438 2171 557 2205 neque
589 2159 666 2194 alia
697 2160 839 2196 habent
870 2160 1023 2206 propria
1055 2161 1154 2204 (nam
1187 2160 1248 2194 vix
1279 2161 1506 2196 numeranda
1539 2164 1624 2196 sunt
1658 2164 1843 2196 commata
1873 2162 2055 2206 quaedam
2096 2176 2117 2198 a

186 2217 518 2254 constitutionibus
542 2218 676 2260 aliena,
702 2221 745 2254 ut
773 2219 870 2260 12,1,
887 2220 922 2253 1:
953 2219 1012 2253 hic
1037 2219 1158 2262 etiam,
1185 2218 1337 2262 qualiter
1359 2221 1454 2263 qesta
1480 2218 1626 2252 debeant
1651 2219 1775 2262 confici
1800 2219 1901 2263 apud
1924 2220 2118 2264 municipes

185 2279 225 2313 et
249 2276 303 2319 12,
319 2277 400 2318 1,4:
427 2279 593 2320 peractos
616 2277 819 2321 spectabiles
846 2277 928 2320 fieri
957 2280 996 2313 et
1023 2278 1074 2318 12,
1093 2278 1121 2318 1,
1139 2277 1222 2312 181:
1257 2277 1338 2310 item
1363 2276 1515 2311 curiales
1544 2280 1577 2310 et
1606 2276 1828 2321 colleyiatmn
1851 2277 2062 2312 revocandos
2087 2281 2116 2312 ec

184 2338 226 2369 ut
250 2334 492 2378 apparitorem
515 2333 624 2368 tudem
641 2334 840 2380 profugum
859 2337 1111 2378 persequatur)
1138 2333 1304 2380 exceptis
1330 2333 1422 2368 locis
1447 2333 1588 2368 duobus
1606 2334 1638 2375 9,
1653 2334 1707 2375 23,
1727 2335 1742 2368 1
1763 2336 1800 2369 et
1823 2335 1854 2378 9,
1869 2334 1923 2375 35,
1939 2335 1969 2368 2.
2014 2334 2117 2369 Prior

185 2390 242 2427 ita
265 2390 404 2437 legitur
428 2390 467 2425 in
492 2389 618 2427 codice
643 2392 691 2427 ab
717 2391 902 2428 Huelseno
928 2392 1140 2428 examinato
1166 2392 1384 2438 diligenter:

526 2471 786 2508 Summarium:
1513 2472 1641 2506 'l'eoetns
1667 2477 1695 2515 9,
1710 2476 1764 2516 23,
1783 2478 1816 2507 1.·

186 2529 287 2565 Duas
311 2541 369 2565 res
393 2528 582 2575 praecipit

186 2590 230 2622 ut
263 2598 383 2632 neque
417 2587 618 2632 poeeunias
651 2589 834 2624 vendendi
861 2589 1000 2634 c(ausa)
1034 2589 1073 2624 in
1189 2587 1411 2632 quicumque
1438 2587 1495 2622 vel
1523 2587 1680 2622 conflare
1706 2587 1883 2632 pecunias
1910 2587 1967 2622 vel
1993 2588 2040 2623 ad
2065 2587 2116 2623 di-

233 2643 367 2680 alienis
392 2645 440 2680 ab
466 2644 592 2689 aliquo
617 2646 822 2682 conflentur
845 2658 982 2692 prouoe
1009 2646 1097 2692 [sic]
1236 2656 1340 2680 versa
1362 2644 1541 2680 vendendi
1568 2656 1679 2680 causa
1705 2645 1902 2681 transferre
1929 2646 2117 2691 detegitur

188 2762 227 2796 et
251 2762 293 2796 ut
317 2759 367 2795 sit
393 2760 563 2796 custodia
589 2760 764 2797 itinerum
791 2763 849 2797 vel
875 2762 1027 2798 litorum
1189 2759 1373 2804 litoraque
1392 2787 1399 2794 .
1419 2787 1426 2795 .
1446 2787 1452 2794 .
1473 2762 1532 2795 .et
1555 2759 1700 2796 itineris
1720 2759 1899 2795 transitus
1917 2761 2116 2797 statuimus

1236 2817 1413 2853 custodiri

188 2936 231 2970 ut
263 2932 359 2968 nulli
393 2932 530 2969 viatori
562 2933 677 2970 liceat
712 2935 873 2980 amplius
907 2946 929 2970 a
964 2935 1067 2970 mille
1188 2946 1255 2969 nec
1290 2944 1375 2969 vero
1410 2932 1546 2977 aliquis
1580 2932 1856 2978 negotiatorum
1891 2934 1977 2978 plus
2013 2935 2115 2970 mille

233 2991 387 3028 follibus
412 2995 561 3037 portare
1234 2991 1386 3026 follibus
1412 3018 1418 3025 .
1438 3017 1445 3025 .
1466 3018 1471 3024 .
1492 3017 1500 3025 .
1525 2992 1675 3034 portare
1701 2989 1853 3026 debebit

1190 3074 1657 3084 .........

189 3119 308 3153 neque
333 3106 547 3143 centenales
571 3118 739 3142 nummos
766 3107 823 3142 vel
850 3107 1049 3141 maiorinas
1122 3107 1154 3140 ΙΙ
1187 3108 1321 3141 cuncta
1340 3133 1346 3140 .
1366 3133 1373 3140 .
1393 3133 1399 3140 .
1417 3105 1680 3141 mei-cabuntur
1694 3106 1842 3149 praeter
1855 3105 2031 3150 pecunias
2051 3134 2057 3141 .
2080 3135 2086 3141 .
2108 3134 2113 3141 .

1234 3163 1433 3198 maiorinas
1453 3163 1510 3197 vel
1530 3161 1803 3197 centenionales
1826 3173 2033 3198 communes
2052 3191 2058 3198 .
2079 3191 2086 3198 .
2107 3191 2112 3198 .

188 3221 288 3265 quod
323 3221 355 3256 si
391 3221 456 3266 qui
493 3221 667 3257 inventus
703 3221 816 3257 fuerit
853 3221 1062 3265 confiscatis
1142 3221 1155 3254 I
1188 3220 1218 3254 si
1251 3220 1333 3264 quis
1366 3220 1521 3255 forsitan
1555 3231 1723 3253 nummus
1753 3222 1902 3263 praeter
1935 3231 2017 3255 eum
2050 3221 2113 3265 qui

236 3278 345 3313 rebus
370 3278 450 3312 eius
477 3278 602 3324 capite
629 3279 808 3323 puniatur
1236 3277 1272 3311 in
1298 3290 1365 3312 usu
1398 3278 1548 3323 publico
1579 3279 1791 3322 perseverat
1822 3276 1922 3321 apud
1950 3277 2112 3321 aliquem

1236 3338 1476 3370 mercatorem
1502 3335 1613 3369 fucrit
1640 3334 1820 3376 inventus,
1847 3333 1923 3368 fisci
1950 3334 2113 3369 dominio
