2501 3615
1003 123 1233 163 ..CI-

294 229 458 277 pretatio
475 230 548 266 loci
566 229 715 266 Paulini
733 231 763 274 5,
778 231 810 273 4,
826 232 884 272 15;
911 230 974 266 sed
998 230 1036 266 id
1062 230 1272 277 capitulare
1298 230 1407 266 hodie
1425 228 1495 265 viri
1520 229 1620 266 docti
1647 230 1883 267 consentiunt
1906 232 2082 268 ficticium

294 300 381 325 esse.
424 288 519 323 Vide
544 299 639 333 quae
665 287 823 323 diximus
848 301 884 334 p.
903 288 1088 324 XXXVII.

339 347 418 381 Iam
443 345 741 382 enumerabimus
767 346 954 391 epitomae
980 345 1210 392 Aegidianae
1237 345 1350 381 libros
1376 345 1486 381 hodie
1511 347 1629 382 notos

225 409 490 445 Ambrosianus
508 409 538 443 A
556 409 601 443 46
619 409 682 444 inf.
701 421 795 445 saec.
810 409 854 445 X.
891 409 1056 455 Egerunt
1077 409 1121 444 de
1141 410 1211 445 hoc
1230 409 1326 445 libro
1344 408 1499 455 originis
1516 411 1559 444 ut
1577 408 1724 445 videtur
1741 409 1896 445 Italicae
1915 409 2083 445 Maassen

294 467 331 501 in
358 478 486 502 comm.
511 465 713 502 minoribus
738 467 842 502 acad.
857 466 1016 502 Vindob.
1035 467 1079 501 01.
1099 466 1190 511 phil.
1211 467 1298 502 hist.
1319 467 1388 502 vol.
1402 467 1447 502 92
1466 467 1581 512 [1878]
1608 479 1641 512 p.
1660 466 1728 502 303
1753 471 1791 503 et
1817 467 1953 503 Conrat
1978 468 2085 513 (Zeit-

292 524 420 566 schrift
443 523 506 558 der
521 522 880 569 ἃιυίφτῃ-Ειιϊίιιηῃ,
905 534 1008 568 yerm.
1027 524 1132 559 Abth.
1150 524 1170 558 9
1190 536 1224 569 p.
1241 523 1325 564 219;
1355 524 1502 568 Quellen
1521 526 1537 559 1
1562 537 1597 570 p.
1612 524 1695 567 226)
1720 527 1757 560 et
1781 525 1890 570 plene
1910 524 2086 560 Fournier

293 581 445 616 annales
468 580 508 615 de
531 582 746 616 l’zmz'versite
770 581 811 616 de
833 581 1007 616 Grenoble
1027 582 1065 615 11
1086 581 1202 626 (1899)
1225 581 1443 626 praesertim
1468 594 1503 627 p.
1522 581 1598 617 361.
1640 581 1838 627 Epitomae
1856 581 2086 627 Aegidianae

294 638 576 683 praescribitur:
601 638 686 673 haec
708 639 867 683 capitula
892 651 915 673 a
940 638 1068 674 carolo
1088 639 1206 682 primo
1229 642 1261 673 et
1286 638 1417 683 Pipino
1438 639 1514 682 filio
1539 639 1614 674 eius
1637 640 1730 674 inter
1753 640 1844 684 leyes
1861 640 2086 675 Francmwn

292 699 456 740 &tempta
479 699 511 731 et
529 697 650 740 posita
673 700 768 731 szmt.

223 759 447 795 Basileensis
474 758 500 794 C
525 760 577 794 ΙΙΙ
605 760 619 794 1
647 759 965 795 Amerbachianus
999 758 1097 802 (vide
1130 770 1242 804 supra
1276 771 1310 804 p.
1334 758 1446 803 XCV)
1479 760 1546 795 sub
1572 760 1687 796 titulo
1720 761 1899 805 iiwipiunt
1929 761 2087 805 capitula

301 817 416 863 legum
441 827 484 852 em
507 827 647 861 corpore
667 817 857 852 Theodano
882 816 1049 852 continet
1068 815 1255 861 epitomae
1273 815 1504 862 Aegidianae
1530 819 1674 863 partem
1701 817 1860 864 primam
1886 819 1934 853 ad
1957 819 1989 860 2,
2002 819 2088 860 24‚2

293 874 418 909 divisio
440 878 539 919 facta
557 878 751 918 permanet.

227 937 514 973 Holkhamensis
538 938 607 973 210
636 949 730 973 saec.
750 936 864 981 IXlX‚
897 936 961 981 qui
993 948 1088 981 quae
1121 935 1312 972 contineat
1343 940 1517 973 accurate
1548 941 1697 974 enarrat
1723 938 1860 974 Conrat
1891 939 2088 974 Geschichte

294 994 356 1029 der
375 995 521 1039 Quellen
544 994 624 1028 und
648 993 851 1028 Litteratur
875 993 936 1028 des
959 996 1043 1028 ro'm.
1063 993 1188 1028 Rechts
1211 994 1259 1028 im
1280 995 1490 1029 Mittelalter
1509 995 1525 1029 1
1552 995 1668 1040 (1891)
1694 1008 1728 1041 p.
1747 997 1824 1039 277,
1851 997 1967 1033 habet
1991 997 2089 1033 inter

297 1052 389 1087 11380
420 1050 669 1087 Auctoritatis
701 1050 938 1086 Alaricianae
972 1052 1118 1095 partem
1151 1053 1189 1086 et
1222 1051 1298 1086 alio
1332 1052 1413 1087 loco
1446 1051 1635 1097 epitomen
1666 1053 1931 1098 Aegidianan1;
1966 1055 2086 1100 ipsum

295 1108 527 1144 Breviarium
551 1119 624 1143 non
650 1107 797 1144 videtur
821 1107 996 1143 habuisse
1027 1111 1158 1144 auctor
1189 1108 1300 1144 huius
1325 1110 1511 1155 syllogae,
1547 1122 1642 1154 quae
1674 1112 1925 1147 memorabilis
1951 1116 2008 1148 est
2034 1116 2089 1148 ut-

296 1169 384 1213 pote
419 1166 624 1212 compilata
658 1168 697 1201 et
729 1178 774 1201 ex
808 1166 887 1202 iure
922 1166 1128 1202 Iustiniano
1164 1169 1202 1202 et
1236 1179 1280 1203 ex
1314 1168 1397 1213 lege
1431 1167 1631 1203 Euriciana
1656 1167 1938 1214 visigothorum
1972 1172 2010 1205 et
2045 1182 2088 1205 ex

295 1223 531 1260 Alaricianis.

227 1281 417 1318 Leidensis
441 1281 545 1327 publ.
566 1281 628 1317 191
649 1297 692 1310 =
710 1280 835 1315 XVIII
855 1282 893 1316 B.
911 1282 944 1316 A
969 1293 1063 1318 saec.
1080 1281 1110 1316 X
1139 1282 1292 1326 (Conrat
1311 1282 1515 1326 Zeitsclzrift
1540 1283 1602 1318 der
1620 1283 1978 1329 Samyny-Stiftzcrzy,
2003 1289 2087 1321 τϋηι.

295 1339 398 1374 Abth.
425 1339 532 1375 vol.1
561 1339 680 1384 extr).

229 1396 418 1432 Leidensis
434 1396 637 1432 Vossianus
661 1398 783 1441 quart.
803 1397 869 1432 119
894 1409 989 1432 saec.
1007 1397 1040 1431 X
1065 1397 1222 1441 (Haenel
1248 1397 1347 1433 brev.
1367 1399 1434 1441 54).
1477 1398 1578 1434 Inest
1603 1400 1752 1444 praeter
1777 1399 1963 1443 epitomen
1983 1401 2089 1445 Aegi-

296 1454 447 1490 dianam
473 1453 694 1490 constitutio
721 1454 979 1490 Sirmondiana
1004 1454 1136 1501 prima.

227 1517 416 1553 Leidensis
442 1516 543 1552 univ.
564 1517 630 1552 114
654 1528 749 1552 saec.
769 1517 818 1551 IX
846 1517 1003 1561 (Haenel
1028 1518 1128 1553 brev.
1147 1518 1208 1559 53;
1234 1518 1385 1555 Zeumer
1410 1520 1514 1555 form.
1540 1532 1576 1565 p.
1594 1520 1661 1563 34).

227 1580 461 1615 Monacensis
498 1580 580 1615 Lat.
605 1580 697 1615 4460
731 1591 825 1616 saec.
853 1580 904 1615 XI
941 1581 1097 1624 (Haenel
1135 1581 1294 1617 Berichte
1327 1582 1392 1617 der
1425 1582 1535 1618 sachs.
1562 1582 1642 1617 Ges.
1671 1582 1757 1617 1865
1792 1594 1828 1628 p.
1856 1583 1914 1623 15;
1954 1583 2090 1618 Com-at

299 1637 446 1682 Qwellen
473 1638 608 1682 1‚228).

229 1694 419 1730 Parisinus
435 1695 526 1731 4409
552 1707 648 1730 saec.
667 1695 699 1730 X
727 1695 883 1739 (Haenel
900 1695 944 1730 28
963 1711 1005 1725 =
1024 1695 1068 1730 38
1086 1698 1123 1731 et
1140 1697 1200 1740 46)
1227 1700 1376 1741 praeter
1400 1697 1624 1732 breviarium
1651 1697 1783 1742 ipsum,
1811 1697 1855 1731 de
1882 1708 1954 1741 quo
1980 1709 2092 1742 supra

300 1751 454 1798 egimus,
480 1752 595 1788 etiam
621 1753 810 1798 epitomen
835 1753 914 1789 eius
939 1753 1187 1799 Aegidianam
1215 1754 1397 1796 continet;
1424 1755 1629 1790 auctoritas
1654 1754 1794 1800 legitur
1818 1755 1841 1790 f.
1863 1756 1937 1790 144.

230 1809 419 1845 Parisinus
442 1810 534 1846 4416
559 1822 653 1846 saec.
674 1811 724 1845 IX
753 1811 911 1855 (Haenel
937 1811 1036 1847 brev.
1054 1812 1126 1856 47).

230 1867 419 1902 Parisinus
442 1868 534 1903 4417
559 1879 653 1903 saec.
673 1868 705 1903 X
731 1869 886 1914 (Haenel
913 1869 1012 1904 brev.
1030 1869 1102 1915 48).

230 1925 422 1961 Parisinus
445 1925 536 1960 4418
561 1938 657 1961 saec.
675 1926 708 1961 X
735 1927 890 1970 (Haenel
917 1927 1016 1962 brev.
1035 1928 1105 1972 49).

230 1982 421 2018 Parisinus
446 1983 537 2018 4626
563 1995 657 2019 saec.
676 1984 776 2029 XJXI
802 1984 959 2026 (Haenel
986 1985 1084 2021 brev.
1106 1986 1177 2029 56).
1226 1985 1441 2021 Auctoritas
1466 1985 1606 2020 Alarici
1634 1985 1772 2030 legitur
1798 1985 1819 2019 f.
1844 1985 1918 2019 109.

229 2040 421 2076 Parisinus
444 2041 536 2077 4633
561 2054 656 2078 saec.
672 2042 704 2077 X
731 2042 888 2086 (Haenel
914 2043 1014 2079 brev,
1033 2044 1103 2088 51).

229 2098 421 2134 Parisinus
444 2100 535 2134 4696
561 2111 656 2135 saec.
675 2100 765 2135 XIII
791 2101 946 2144 (Haenel
972 2101 1071 2136 breV.
1091 2101 1161 2145 52).
1210 2101 1426 2137 Auctoritas
1452 2100 1592 2136 Alarici
1619 2099 1757 2145 legitur
1781 2100 1805 2134 f.
1824 2100 1878 2134 89.

229 2156 418 2192 Parisinus
442 2167 544 2192 nouv.
570 2168 644 2202 aeq.
662 2157 731 2193 204
756 2169 850 2193 saec.
869 2158 968 2202 XJXI
995 2157 1148 2201 (Conrat
1173 2159 1379 2201 Zeitschrift
1403 2158 1465 2192 der
1491 2157 1856 2203 Satri-qny-Stiftmzq,
1886 2160 1970 2192 rom.
1988 2156 2091 2191 Abtle.

298 2214 331 2256 9,
345 2213 428 2256 399;
456 2213 605 2259 Quellen
630 2216 646 2250 1
674 2227 710 2261 p.
728 2216 797 2256 42).
847 2215 1062 2251 Auctoritas
1088 2216 1231 2251 Alarici
1254 2215 1396 2261 legitur
1421 2215 1519 2251 1278.

231 2270 422 2307 Parisinus
445 2283 552 2308 nouv.
577 2283 649 2316 aeq.
675 2272 766 2308 2318
791 2284 886 2308 saec.
904 2272 1072 2317 VIIIJIX.

230 2328 484 2375 Sangallensis
510 2330 576 2365 729
602 2341 697 2366 saec.
716 2330 768 2364 IX
794 2330 951 2374 (Haenel
976 2330 1076 2366 brev.
1095 2331 1163 2374 54).

231 2385 359 2422 Sancti
384 2387 495 2422 Pauli
520 2387 558 2422 in
584 2387 778 2423 Carinthia
803 2400 899 2424 saec.
916 2388 950 2422 X
975 2388 1133 2431 (Haenel
1159 2388 1258 2424 brev.
1277 2388 1347 2430 56).

231 2444 536 2491 Stuttgartensis‚
563 2448 675 2482 antea
691 2445 1010 2482 Weissenauensis
1034 2457 1130 2482 saec.
1150 2446 1181 2480 X
1206 2445 1363 2489 (Haenel
1388 2445 1488 2481 breV.
1508 2445 1568 2487 73,
1602 2444 1764 2479 Berichte
1788 2444 1851 2478 der
1874 2443 1987 2478 ss'ichs.
2011 2442 2091 2477 Ges.

304 2502 392 2538 1865
418 2515 454 2548 p.
474 2505 509 2544 1;
535 2503 673 2539 Conrat
700 2503 845 2548 Quellen
872 2505 901 2545 1,
919 2503 1009 2548 228).

233 2560 440 2596 Vaticanus
464 2560 614 2606 reginae
639 2560 706 2596 846
737 2573 830 2597 saec.
848 2561 936 2596 VIII
969 2560 1125 2604 (Haenel
1154 2560 1253 2595 brev.
1274 2560 1333 2601 75;
1366 2559 1545 2594 Arevalus
1571 2559 1777 2594 Isidoriana
1809 2559 1878 2594 vol.
1896 2559 1917 2593 2
1945 2571 1980 2603 p.
1999 2558 2091 2602 325).

300 2617 372 2653 Hic
398 2621 454 2653 est
480 2618 594 2653 codex
620 2618 806 2660 Tilianus,
838 2630 882 2653 ex
910 2630 982 2663 quo
1013 2618 1173 2653 indicem
1198 2629 1326 2663 regum
1353 2617 1575 2652 Francorum
1602 2616 1780 2652 Chesnius
1806 2615 1925 2652 edidit
1949 2615 2090 2660 (script.

300 2673 430 2710 Franc.
455 2676 517 2711 t.1
546 2687 580 2720 p.
599 2675 689 2720 781).
737 2675 889 2717 Indicis,
925 2687 1033 2720 quem
1067 2674 1294 2720 descriptum
1327 2673 1457 2719 accepi
1490 2686 1511 2709 a
1542 2674 1641 2709 socio
1674 2674 1791 2709 Paulo
1825 2673 1965 2718 Meyer,
1999 2673 2091 2707 haec

300 2733 419 2768 forma
451 2736 508 2768 est
538 2732 692 2777 reliquis
717 2733 860 2768 duabus
892 2733 1024 2770 melior
1058 2736 1095 2768 et
1129 2732 1283 2779 plenior.
1333 2731 1492 2778 Incipit:
1526 2731 1612 2766 haec
1646 2732 1762 2777 smne)
1792 2732 1941 2766 nomina
1973 2741 2093 2774 reynm

302 2789 538 2825 Francorum.
596 2789 801 2824 chlotarius
834 2791 996 2836 reyneri-it
1029 2800 1152 2824 annus
1185 2789 1259 2824 XL
1269 2788 1355 2824 VII.
1411 2789 1638 2832 Dayobertus
1671 2789 1772 2832 filius
1807 2799 1896 2823 suus
1931 2788 2090 2832 regnavit

302 2858 425 2882 annus
451 2847 492 2882 X
499 2847 578 2882 VII
580 2859 591 2891 ;
613 2846 712 2881 finit:
741 2847 920 2892 Pippinus
944 2848 1101 2892 reynam't
1126 2858 1241 2881 armos
1268 2847 1374 2881 XVI
1392 2850 1423 2881 et
1448 2846 1605 2882 dimidio.

232 2905 440 2941 Vaticanus
470 2905 622 2951 reginae
647 2905 714 2940 852
746 2916 842 2941 saec.
868 2905 899 2939 X
931 2904 1083 2948 (Conrat
1113 2904 1319 2947 Zeitschrt'ft
1352 2903 1415 2939 der
1439 2903 1804 2950 aS'azdyny-Stiftmvy,
1838 2906 1922 2937 rc'e'm.
1942 2902 2044 2937 Abth.
2070 2902 2092 2936 9

301 2975 338 3009 p.
356 2963 440 3004 390;
469 2963 615 3008 ῼιιεῑῖεη
641 2963 657 2997 1
686 2974 721 3007 p.
737 2963 808 3006 42).

235 3020 443 3056 Vaticanus
466 3019 618 3066 reginae
643 3019 708 3055 991
737 3031 831 3055 saec.
850 3020 901 3054 XI
928 3018 1085 3064 (Haenel
1109 3019 1210 3054 brev.
1229 3019 1300 3061 55).

235 3078 395 3125 Aegidii,
421 3077 485 3122 qui
511 3077 699 3123 epitomen
725 3077 822 3112 hanc
847 3077 987 3122 primus
1012 3075 1132 3112 edidit
1157 3087 1188 3110 a.
1210 3076 1308 3116 1517,
1339 3075 1452 3110 codex
1478 3074 1517 3109 in
1543 3075 1612 3111 fine
1638 3074 1792 3110 mutilus
1818 3075 1918 3119 (post
1942 3072 2092 3108 Hermo-

304 3134 505 3182 genianum
530 3135 635 3170 deest
658 3134 763 3170 locus
787 3133 964 3180 Papiani)
989 3133 1100 3168 hodie
1124 3133 1221 3168 latet
1247 3133 1305 3167 vel
1332 3132 1445 3178 periit
1471 3132 1627 3176 (Haenel
1653 3145 1688 3177 p.
1707 3131 1941 3175 LXXXVII).

165 3216 384 3253 EPITOME
408 3214 640 3250 PARISINA
666 3215 823 3259 (Haenel
848 3227 883 3262 p.
903 3213 1036 3250 XXVI.
1063 3213 1214 3249 XXVII.
1241 3213 1408 3255 LXX1X;
1436 3212 1573 3248 Conrat
1601 3212 1749 3257 Quellen
1775 3211 1907 3256 1,228).

237 3279 426 3316 Parisinus
453 3278 566 3314 10753
592 3279 649 3322 (--
665 3279 797 3324 suppl.
816 3278 896 3314 Lat.
915 3279 997 3318 215;
1029 3277 1170 3313 Haenel
1197 3277 1297 3312 brev.
1314 3276 1372 3321 60)
1399 3288 1510 3321 supra
1540 3289 1576 3321 p.
1595 3274 1783 3310 LXXXIX
1808 3274 1884 3309 iam
1907 3276 2092 3309 tractatus

304 3339 361 3374 est
385 3348 428 3373 eo
453 3335 611 3381 nomine,
637 3336 736 3381 quod
757 3336 853 3371 hanc
878 3336 1067 3381 epitomen
1085 3334 1149 3379 qui
1166 3334 1257 3370 fecit
1279 3335 1429 3379 praeter
1446 3332 1671 3369 breviarium
1687 3332 1823 3368 habuit
1842 3331 2092 3368 Theodosiani
