<?xml version="1.0" encoding="UTF-8"?>
<!DOCTYPE html PUBLIC "-//W3C//DTD XHTML 1.0 Transitional//EN"
    "http://www.w3.org/TR/xhtml1/DTD/xhtml1-transitional.dtd">
<html xmlns="http://www.w3.org/1999/xhtml" xml:lang="en" lang="en">
 <head>
  <title>
</title>
<meta http-equiv="Content-Type" content="text/html;charset=utf-8" />
  <meta name='ocr-system' content='tesseract 3.04.00' />
  <meta name='ocr-capabilities' content='ocr_page ocr_carea ocr_par ocr_line ocrx_word'/>
</head>
<body>
  <div class='ocr_page' id='page_1' title='image "./theodosianilibri00codeuoft_0361.png"; bbox 0 0 2501 3615; ppageno 0'>
   <div class='ocr_carea' id='block_1_1' title="bbox 1010 152 1344 189">
    <p class='ocr_par' dir='ltr' id='par_1_1' title="bbox 1010 152 1344 189">
     <span class='ocr_line' id='line_1_1' title="bbox 1010 152 1344 189; baseline 0.003 -1"><span class='ocrx_word' id='word_1_1' title='bbox 1010 172 1052 178; x_wconf 92' lang='lat'>—</span> <span class='ocrx_word' id='word_1_2' title='bbox 1103 152 1252 189; x_wconf 86' lang='lat' dir='ltr'><strong>CCCLV</strong></span> <span class='ocrx_word' id='word_1_3' title='bbox 1303 172 1344 177; x_wconf 82' lang='lat'>—</span> 
     </span>
    </p>
   </div>
   <div class='ocr_carea' id='block_1_2' title="bbox 210 248 2141 475">
    <p class='ocr_par' dir='ltr' id='par_1_2' title="bbox 210 248 2141 475">
     <span class='ocr_line' id='line_1_2' title="bbox 211 248 2141 300; baseline 0.01 -20"><span class='ocrx_word' id='word_1_4' title='bbox 211 258 284 291; x_wconf 91' lang='lat' dir='ltr'>quo</span> <span class='ocrx_word' id='word_1_5' title='bbox 315 249 353 282; x_wconf 87' lang='lat' dir='ltr'>et</span> <span class='ocrx_word' id='word_1_6' title='bbox 383 259 456 292; x_wconf 91' lang='lat' dir='ltr'>quo</span> <span class='ocrx_word' id='word_1_7' title='bbox 489 248 570 284; x_wconf 84' lang='lat' dir='ltr'>loco</span> <span class='ocrx_word' id='word_1_8' title='bbox 596 249 688 285; x_wconf 84' lang='lat' dir='ltr'>haec</span> <span class='ocrx_word' id='word_1_9' title='bbox 716 253 935 298; x_wconf 82' lang='lat' dir='ltr'>compilatio</span> <span class='ocrx_word' id='word_1_10' title='bbox 961 258 1045 300; x_wconf 75' lang='lat' dir='ltr'>post</span> <span class='ocrx_word' id='word_1_11' title='bbox 1071 257 1232 292; x_wconf 83' lang='lat' dir='ltr'>medium</span> <span class='ocrx_word' id='word_1_12' title='bbox 1258 257 1447 293; x_wconf 84' lang='lat' dir='ltr'>saeculum</span> <span class='ocrx_word' id='word_1_13' title='bbox 1474 269 1609 293; x_wconf 87' lang='lat' dir='ltr'>nonum</span> <span class='ocrx_word' id='word_1_14' title='bbox 1640 259 1743 294; x_wconf 88' lang='lat' dir='ltr'>facta</span> <span class='ocrx_word' id='word_1_15' title='bbox 1773 260 1840 299; x_wconf 74' lang='lat' dir='ltr'>sit,</span> <span class='ocrx_word' id='word_1_16' title='bbox 1871 262 1935 297; x_wconf 84' lang='lat' dir='ltr'>sed</span> <span class='ocrx_word' id='word_1_17' title='bbox 1961 262 2141 298; x_wconf 85' lang='lat' dir='ltr'>Conratus</span> 
     </span>
     <span class='ocr_line' id='line_1_3' title="bbox 210 305 2139 361; baseline 0.008 -23"><span class='ocrx_word' id='word_1_18' title='bbox 210 316 282 339; x_wconf 90' lang='lat' dir='ltr'>non</span> <span class='ocrx_word' id='word_1_19' title='bbox 315 305 462 341; x_wconf 91' lang='lat' dir='ltr'>omniuo</span> <span class='ocrx_word' id='word_1_20' title='bbox 489 307 701 352; x_wconf 86' lang='lat' dir='ltr'>opinionem</span> <span class='ocrx_word' id='word_1_21' title='bbox 727 310 889 357; x_wconf 86' lang='lat' dir='ltr'>denegat</span> <span class='ocrx_word' id='word_1_22' title='bbox 914 314 1132 359; x_wconf 80' lang='lat' dir='ltr'>scriptorem</span> <span class='ocrx_word' id='word_1_23' title='bbox 1160 315 1297 350; x_wconf 89' lang='lat' dir='ltr'>codicis</span> <span class='ocrx_word' id='word_1_24' title='bbox 1323 316 1445 361; x_wconf 89' lang='lat' dir='ltr'>ipsum</span> <span class='ocrx_word' id='word_1_25' title='bbox 1473 316 1754 361; x_wconf 70' lang='lat' dir='ltr'>compilatorem</span> <span class='ocrx_word' id='word_1_26' title='bbox 1780 318 1902 353; x_wconf 79' lang='lat' dir='ltr'>fuisse.</span> <span class='ocrx_word' id='word_1_27' title='bbox 1952 320 2054 359; x_wconf 83' lang='lat' dir='ltr'>Quae</span> <span class='ocrx_word' id='word_1_28' title='bbox 2083 333 2139 357; x_wconf 78' lang='lat' dir='ltr'>res</span> 
     </span>
     <span class='ocr_line' id='line_1_4' title="bbox 210 361 2139 425; baseline 0.009 -29"><span class='ocrx_word' id='word_1_29' title='bbox 210 361 242 396; x_wconf 90' lang='lat' dir='ltr'>si</span> <span class='ocrx_word' id='word_1_30' title='bbox 266 362 322 397; x_wconf 82' lang='lat' dir='ltr'>ita</span> <span class='ocrx_word' id='word_1_31' title='bbox 353 375 391 398; x_wconf 89' lang='lat' dir='ltr'>se</span> <span class='ocrx_word' id='word_1_32' title='bbox 416 363 548 405; x_wconf 86' lang='lat' dir='ltr'>habet,</span> <span class='ocrx_word' id='word_1_33' title='bbox 584 365 621 399; x_wconf 89' lang='lat' dir='ltr'>in</span> <span class='ocrx_word' id='word_1_34' title='bbox 656 368 827 412; x_wconf 85' lang='lat' dir='ltr'>partibus</span> <span class='ocrx_word' id='word_1_35' title='bbox 855 370 1098 408; x_wconf 83' lang='lat' dir='ltr'>Lombardiac</span> <span class='ocrx_word' id='word_1_36' title='bbox 1126 373 1295 418; x_wconf 81' lang='lat' dir='ltr'>capitula</span> <span class='ocrx_word' id='word_1_37' title='bbox 1326 373 1530 419; x_wconf 85' lang='lat' dir='ltr'>compilata</span> <span class='ocrx_word' id='word_1_38' title='bbox 1561 376 1663 415; x_wconf 88' lang='lat' dir='ltr'>suut,</span> <span class='ocrx_word' id='word_1_39' title='bbox 1696 375 1760 410; x_wconf 92' lang='lat' dir='ltr'>ubi</span> <span class='ocrx_word' id='word_1_40' title='bbox 1794 377 1918 412; x_wconf 81' lang='lat' dir='ltr'>omnia</span> <span class='ocrx_word' id='word_1_41' title='bbox 1944 378 2018 414; x_wconf 86' lang='lat' dir='ltr'>fere</span> <span class='ocrx_word' id='word_1_42' title='bbox 2043 379 2139 425; x_wconf 85' lang='lat' dir='ltr'>frag-</span> 
     </span>
     <span class='ocr_line' id='line_1_5' title="bbox 210 423 1290 475; baseline 0.01 -21"><span class='ocrx_word' id='word_1_43' title='bbox 210 423 347 462; x_wconf 83' lang='lat' dir='ltr'>menta,</span> <span class='ocrx_word' id='word_1_44' title='bbox 373 433 469 465; x_wconf 85' lang='lat' dir='ltr'>quae</span> <span class='ocrx_word' id='word_1_45' title='bbox 494 423 654 469; x_wconf 79' lang='lat' dir='ltr'>scriptor</span> <span class='ocrx_word' id='word_1_46' title='bbox 678 428 891 472; x_wconf 75' lang='lat' dir='ltr'>assumpsit,</span> <span class='ocrx_word' id='word_1_47' title='bbox 917 428 1115 475; x_wconf 80' lang='lat' dir='ltr'>divulgata</span> <span class='ocrx_word' id='word_1_48' title='bbox 1142 432 1290 474; x_wconf 85' lang='lat' dir='ltr'>erant.¹)</span> 
     </span>
    </p>
   </div>
   <div class='ocr_carea' id='block_1_3' title="bbox 207 490 2140 661">
    <p class='ocr_par' dir='ltr' id='par_1_3' title="bbox 207 490 2140 661">
     <span class='ocr_line' id='line_1_6' title="bbox 327 490 2140 546; baseline 0.009 -21"><span class='ocrx_word' id='word_1_49' title='bbox 327 490 419 526; x_wconf 85' lang='lat' dir='ltr'>Dein</span> <span class='ocrx_word' id='word_1_50' title='bbox 439 491 668 529; x_wconf 83' lang='lat' dir='ltr'>Glossarium</span> <span class='ocrx_word' id='word_1_51' title='bbox 696 496 834 531; x_wconf 88' lang='lat' dir='ltr'>codicis</span> <span class='ocrx_word' id='word_1_52' title='bbox 861 496 1073 543; x_wconf 76' lang='lat' dir='ltr'>Cave11sis2)</span> <span class='ocrx_word' id='word_1_53' title='bbox 1100 500 1241 535; x_wconf 87' lang='lat' dir='ltr'>saeculi</span> <span class='ocrx_word' id='word_1_54' title='bbox 1259 500 1309 534; x_wconf 88' lang='lat' dir='ltr'>XI</span> <span class='ocrx_word' id='word_1_55' title='bbox 1335 501 1500 536; x_wconf 89' lang='lat' dir='ltr'>ineuntis</span> <span class='ocrx_word' id='word_1_56' title='bbox 1527 501 1639 546; x_wconf 86' lang='lat' dir='ltr'>[circa</span> <span class='ocrx_word' id='word_1_57' title='bbox 1665 513 1802 537; x_wconf 86' lang='lat' dir='ltr'>annum</span> <span class='ocrx_word' id='word_1_58' title='bbox 1823 503 1911 537; x_wconf 79' lang='lat'>1005</span> <span class='ocrx_word' id='word_1_59' title='bbox 1935 504 2140 541; x_wconf 80' lang='lat' dir='ltr'>Beneventi</span> 
     </span>
     <span class='ocr_line' id='line_1_7' title="bbox 208 548 2137 608; baseline 0.007 -25"><span class='ocrx_word' id='word_1_60' title='bbox 208 548 355 594; x_wconf 86' lang='lat' dir='ltr'>scripti]</span> <span class='ocrx_word' id='word_1_61' title='bbox 383 549 432 584; x_wconf 84' lang='lat' dir='ltr'>ad</span> <span class='ocrx_word' id='word_1_62' title='bbox 458 552 610 587; x_wconf 78' lang='lat' dir='ltr'>verbum</span> <span class='ocrx_word' id='word_1_63' title='bbox 636 552 727 589; x_wconf 79' lang='lat' dir='ltr'>‘lex’</span> <span class='ocrx_word' id='word_1_64' title='bbox 751 554 867 589; x_wconf 86' lang='lat' dir='ltr'>edicti</span> <span class='ocrx_word' id='word_1_65' title='bbox 893 555 1165 601; x_wconf 78' lang='lat' dir='ltr'>Langobardici</span> <span class='ocrx_word' id='word_1_66' title='bbox 1191 558 1353 603; x_wconf 82' lang='lat' dir='ltr'>glossam</span> <span class='ocrx_word' id='word_1_67' title='bbox 1384 559 1559 603; x_wconf 88' lang='lat' dir='ltr'>praebet,</span> <span class='ocrx_word' id='word_1_68' title='bbox 1590 571 1685 604; x_wconf 86' lang='lat' dir='ltr'>quae</span> <span class='ocrx_word' id='word_1_69' title='bbox 1718 571 1762 595; x_wconf 86' lang='lat' dir='ltr'>ex</span> <span class='ocrx_word' id='word_1_70' title='bbox 1787 559 1863 595; x_wconf 85' lang='lat' dir='ltr'>illis</span> <span class='ocrx_word' id='word_1_71' title='bbox 1893 562 2026 607; x_wconf 81' lang='lat' dir='ltr'>glossis</span> <span class='ocrx_word' id='word_1_72' title='bbox 2057 575 2137 608; x_wconf 86' lang='lat' dir='ltr'>pro-</span> 
     </span>
     <span class='ocr_line' id='line_1_8' title="bbox 207 606 1568 661; baseline 0.009 -20"><span class='ocrx_word' id='word_1_73' title='bbox 207 606 307 642; x_wconf 77' lang='lat' dir='ltr'>fecta</span> <span class='ocrx_word' id='word_1_74' title='bbox 333 618 411 643; x_wconf 88' lang='lat' dir='ltr'>esse</span> <span class='ocrx_word' id='word_1_75' title='bbox 437 608 596 649; x_wconf 77' lang='lat' dir='ltr'>videtur,</span> <span class='ocrx_word' id='word_1_76' title='bbox 623 622 715 654; x_wconf 86' lang='lat' dir='ltr'>quas</span> <span class='ocrx_word' id='word_1_77' title='bbox 740 611 924 648; x_wconf 85' lang='lat' dir='ltr'>Breviarii</span> <span class='ocrx_word' id='word_1_78' title='bbox 949 614 1063 650; x_wconf 77' lang='lat' dir='ltr'>codex</span> <span class='ocrx_word' id='word_1_79' title='bbox 1092 614 1173 650; x_wconf 74' lang='lat' dir='ltr'>vat.</span> <span class='ocrx_word' id='word_1_80' title='bbox 1192 627 1266 661; x_wconf 85' lang='lat' dir='ltr'>reg.</span> <span class='ocrx_word' id='word_1_81' title='bbox 1291 617 1376 650; x_wconf 65' lang='lat'>1048</span> <span class='ocrx_word' id='word_1_82' title='bbox 1401 617 1568 661; x_wconf 76' lang='lat' dir='ltr'>praebet.</span> 
     </span>
    </p>
   </div>
   <div class='ocr_carea' id='block_1_4' title="bbox 204 675 2139 849">
    <p class='ocr_par' dir='ltr' id='par_1_4' title="bbox 204 675 2139 849">
     <span class='ocr_line' id='line_1_9' title="bbox 320 675 2139 733; baseline 0.009 -23"><span class='ocrx_word' id='word_1_83' title='bbox 320 675 447 711; x_wconf 84' lang='lat' dir='ltr'>Etiam</span> <span class='ocrx_word' id='word_1_84' title='bbox 472 677 510 712; x_wconf 88' lang='lat' dir='ltr'>in</span> <span class='ocrx_word' id='word_1_85' title='bbox 535 678 678 714; x_wconf 86' lang='lat' dir='ltr'>duobus</span> <span class='ocrx_word' id='word_1_86' title='bbox 702 682 868 726; x_wconf 78' lang='lat' dir='ltr'>antiquis</span> <span class='ocrx_word' id='word_1_87' title='bbox 887 683 1024 718; x_wconf 87' lang='lat' dir='ltr'>codicis</span> <span class='ocrx_word' id='word_1_88' title='bbox 1043 684 1263 720; x_wconf 87' lang='lat' dir='ltr'>Iustinianei</span> <span class='ocrx_word' id='word_1_89' title='bbox 1289 687 1553 732; x_wconf 79' lang='lat' dir='ltr'>manuscriptis</span> <span class='ocrx_word' id='word_1_90' title='bbox 1578 687 1676 723; x_wconf 82' lang='lat' dir='ltr'>inter</span> <span class='ocrx_word' id='word_1_91' title='bbox 1692 688 1851 733; x_wconf 86' lang='lat' dir='ltr'>primam</span> <span class='ocrx_word' id='word_1_92' title='bbox 1878 691 1915 725; x_wconf 88' lang='lat' dir='ltr'>et</span> <span class='ocrx_word' id='word_1_93' title='bbox 1941 691 2139 726; x_wconf 85' lang='lat' dir='ltr'>secundam</span> 
     </span>
     <span class='ocr_line' id='line_1_10' title="bbox 207 732 2137 791; baseline 0.008 -23"><span class='ocrx_word' id='word_1_94' title='bbox 207 732 516 770; x_wconf 85' lang='lat' dir='ltr'>constitutionem</span> <span class='ocrx_word' id='word_1_95' title='bbox 541 736 647 771; x_wconf 90' lang='lat' dir='ltr'>tituli</span> <span class='ocrx_word' id='word_1_96' title='bbox 674 737 717 774; x_wconf 89' lang='lat' dir='ltr'>de</span> <span class='ocrx_word' id='word_1_97' title='bbox 742 739 844 774; x_wconf 87' lang='lat' dir='ltr'>feriis</span> <span class='ocrx_word' id='word_1_98' title='bbox 863 739 940 784; x_wconf 82' lang='lat' dir='ltr'><strong>[IIL</strong></span> <span class='ocrx_word' id='word_1_99' title='bbox 962 740 1015 785; x_wconf 77' lang='lat'>12]</span> <span class='ocrx_word' id='word_1_100' title='bbox 1035 742 1213 776; x_wconf 86' lang='lat' dir='ltr'>nonnulla</span> <span class='ocrx_word' id='word_1_101' title='bbox 1239 754 1283 777; x_wconf 84' lang='lat' dir='ltr'>ex</span> <span class='ocrx_word' id='word_1_102' title='bbox 1308 743 1475 788; x_wconf 80' lang='lat' dir='ltr'>epitoma</span> <span class='ocrx_word' id='word_1_103' title='bbox 1494 745 1642 790; x_wconf 85' lang='lat' dir='ltr'>Aegidii</span> <span class='ocrx_word' id='word_1_104' title='bbox 1662 745 1743 790; x_wconf 88' lang='lat' dir='ltr'>[Th.</span> <span class='ocrx_word' id='word_1_105' title='bbox 1760 746 1805 787; x_wconf 92' lang='grc' dir='ltr'>ΙΙ,</span> <span class='ocrx_word' id='word_1_106' title='bbox 1824 746 1857 791; x_wconf 83' lang='grc'>8]</span> <span class='ocrx_word' id='word_1_107' title='bbox 1876 747 2016 783; x_wconf 82' lang='lat' dir='ltr'>inserta</span> <span class='ocrx_word' id='word_1_108' title='bbox 2041 752 2137 784; x_wconf 87' lang='lat' dir='ltr'>sunt.</span> 
     </span>
     <span class='ocr_line' id='line_1_11' title="bbox 204 789 2137 849; baseline 0.01 -25"><span class='ocrx_word' id='word_1_109' title='bbox 204 789 307 826; x_wconf 85' lang='lat' dir='ltr'>Haec</span> <span class='ocrx_word' id='word_1_110' title='bbox 332 791 544 837; x_wconf 74' lang='lat' dir='ltr'>fragmenta</span> <span class='ocrx_word' id='word_1_111' title='bbox 569 794 606 828; x_wconf 92' lang='lat' dir='ltr'>in</span> <span class='ocrx_word' id='word_1_112' title='bbox 633 796 759 832; x_wconf 88' lang='lat' dir='ltr'>codice.</span> <span class='ocrx_word' id='word_1_113' title='bbox 786 796 1004 833; x_wconf 87' lang='lat' dir='ltr'>Pistoriensi</span> <span class='ocrx_word' id='word_1_114' title='bbox 1029 810 1124 834; x_wconf 90' lang='lat' dir='ltr'>saec.</span> <span class='ocrx_word' id='word_1_115' title='bbox 1143 799 1175 833; x_wconf 91' lang='lat' dir='ltr'>X</span> <span class='ocrx_word' id='word_1_116' title='bbox 1201 800 1321 835; x_wconf 87' lang='lat' dir='ltr'>altera</span> <span class='ocrx_word' id='word_1_117' title='bbox 1346 812 1459 836; x_wconf 82' lang='lat' dir='ltr'>manu</span> <span class='ocrx_word' id='word_1_118' title='bbox 1490 802 1527 836; x_wconf 88' lang='lat' dir='ltr'>in</span> <span class='ocrx_word' id='word_1_119' title='bbox 1553 803 1720 847; x_wconf 79' lang='lat' dir='ltr'>margine</span> <span class='ocrx_word' id='word_1_120' title='bbox 1752 803 1910 849; x_wconf 86' lang='lat' dir='ltr'>scripta,</span> <span class='ocrx_word' id='word_1_121' title='bbox 1942 805 1979 839; x_wconf 91' lang='lat' dir='ltr'>in</span> <span class='ocrx_word' id='word_1_122' title='bbox 2011 806 2137 843; x_wconf 89' lang='lat' dir='ltr'>codice</span> 
     </span>
    </p>
   </div>
   <div class='ocr_carea' id='block_1_5' title="bbox 203 848 2136 952">
    <p class='ocr_par' dir='ltr' id='par_1_5' title="bbox 203 848 2136 952">
     <span class='ocr_line' id='line_1_12' title="bbox 205 848 2136 908; baseline 0.009 -27"><span class='ocrx_word' id='word_1_123' title='bbox 205 859 291 883; x_wconf 88' lang='lat' dir='ltr'>vero</span> <span class='ocrx_word' id='word_1_124' title='bbox 308 848 478 885; x_wconf 86' lang='lat' dir='ltr'>Parisino</span> <span class='ocrx_word' id='word_1_125' title='bbox 496 852 585 886; x_wconf 78' lang='lat'>4516</span> <span class='ocrx_word' id='word_1_126' title='bbox 610 863 706 889; x_wconf 86' lang='lat' dir='ltr'>saec.</span> <span class='ocrx_word' id='word_1_127' title='bbox 727 853 778 888; x_wconf 87' lang='lat' dir='ltr'>XI</span> <span class='ocrx_word' id='word_1_128' title='bbox 804 854 879 889; x_wconf 86' lang='lat' dir='ltr'>iam</span> <span class='ocrx_word' id='word_1_129' title='bbox 904 855 1026 891; x_wconf 82' lang='lat' dir='ltr'>textui</span> <span class='ocrx_word' id='word_1_130' title='bbox 1052 856 1277 892; x_wconf 80' lang='lat' dir='ltr'>intercalata</span> <span class='ocrx_word' id='word_1_131' title='bbox 1303 861 1399 894; x_wconf 88' lang='lat' dir='ltr'>sunt.</span> <span class='ocrx_word' id='word_1_132' title='bbox 1442 858 1551 895; x_wconf 82' lang='lat' dir='ltr'>Certe</span> <span class='ocrx_word' id='word_1_133' title='bbox 1577 860 1670 896; x_wconf 85' lang='lat' dir='ltr'>haec</span> <span class='ocrx_word' id='word_1_134' title='bbox 1696 861 1940 908; x_wconf 82' lang='lat' dir='ltr'>interpolatio</span> <span class='ocrx_word' id='word_1_135' title='bbox 1966 863 2004 898; x_wconf 92' lang='lat' dir='ltr'>iu</span> <span class='ocrx_word' id='word_1_136' title='bbox 2022 864 2136 899; x_wconf 80' lang='lat' dir='ltr'>Italia</span> 
     </span>
     <span class='ocr_line' id='line_1_13' title="bbox 203 905 429 952; baseline 0.013 -13"><span class='ocrx_word' id='word_1_137' title='bbox 203 905 306 941; x_wconf 85' lang='lat' dir='ltr'>faeta</span> <span class='ocrx_word' id='word_1_138' title='bbox 331 909 429 952; x_wconf 83' lang='lat' dir='ltr'>est.³)</span> 
     </span>
    </p>
   </div>
   <div class='ocr_carea' id='block_1_6' title="bbox 200 975 2139 1836">
    <p class='ocr_par' dir='ltr' id='par_1_6' title="bbox 200 975 2139 1836">
     <span class='ocr_line' id='line_1_14' title="bbox 319 975 2135 1031; baseline 0.009 -21"><span class='ocrx_word' id='word_1_139' title='bbox 319 975 531 1020; x_wconf 81' lang='lat' dir='ltr'>Antequam</span> <span class='ocrx_word' id='word_1_140' title='bbox 555 977 662 1013; x_wconf 91' lang='lat' dir='ltr'>libris</span> <span class='ocrx_word' id='word_1_141' title='bbox 679 980 944 1016; x_wconf 89' lang='lat' dir='ltr'>ecclesiasticis</span> <span class='ocrx_word' id='word_1_142' title='bbox 970 982 1135 1017; x_wconf 87' lang='lat' dir='ltr'>studium</span> <span class='ocrx_word' id='word_1_143' title='bbox 1160 995 1349 1026; x_wconf 84' lang='lat' dir='ltr'>navemus,</span> <span class='ocrx_word' id='word_1_144' title='bbox 1378 984 1543 1020; x_wconf 85' lang='lat' dir='ltr'>codicem</span> <span class='ocrx_word' id='word_1_145' title='bbox 1561 985 1826 1024; x_wconf 85' lang='lat' dir='ltr'>Taurineusem</span> <span class='ocrx_word' id='word_1_146' title='bbox 1843 989 1908 1024; x_wconf 88' lang='lat' dir='ltr'>lat.</span> <span class='ocrx_word' id='word_1_147' title='bbox 1924 990 2001 1031; x_wconf 72' lang='lat'>392,</span> <span class='ocrx_word' id='word_1_148' title='bbox 2025 990 2135 1027; x_wconf 88' lang='lat' dir='ltr'>hodie</span> 
     </span>
     <span class='ocr_line' id='line_1_15' title="bbox 204 1032 2136 1090; baseline 0.008 -23"><span class='ocrx_word' id='word_1_149' title='bbox 204 1032 229 1073; x_wconf 89' lang='grc' dir='ltr'>Ι,</span> <span class='ocrx_word' id='word_1_150' title='bbox 248 1032 312 1075; x_wconf 91' lang='lat' dir='ltr'>IV,</span> <span class='ocrx_word' id='word_1_151' title='bbox 325 1033 380 1074; x_wconf 80' lang='lat'>24,</span> <span class='ocrx_word' id='word_1_152' title='bbox 405 1035 554 1071; x_wconf 88' lang='lat' dir='ltr'>saeculo</span> <span class='ocrx_word' id='word_1_153' title='bbox 571 1036 716 1072; x_wconf 87' lang='lat' dir='ltr'>decimo</span> <span class='ocrx_word' id='word_1_154' title='bbox 739 1041 874 1082; x_wconf 85' lang='lat' dir='ltr'>quarto</span> <span class='ocrx_word' id='word_1_155' title='bbox 900 1042 1059 1076; x_wconf 80' lang='lat' dir='ltr'>exeunte</span> <span class='ocrx_word' id='word_1_156' title='bbox 1086 1042 1338 1087; x_wconf 84' lang='lat' dir='ltr'>conscriptum</span> <span class='ocrx_word' id='word_1_157' title='bbox 1364 1054 1703 1085; x_wconf 78' lang='grc'><strong>001111110111013111113,</strong></span> <span class='ocrx_word' id='word_1_158' title='bbox 1731 1045 1775 1081; x_wconf 90' lang='lat' dir='ltr'>de</span> <span class='ocrx_word' id='word_1_159' title='bbox 1793 1058 1865 1090; x_wconf 89' lang='lat' dir='ltr'>quo</span> <span class='ocrx_word' id='word_1_160' title='bbox 1883 1047 2038 1082; x_wconf 86' lang='lat' dir='ltr'>Patetta</span> <span class='ocrx_word' id='word_1_161' title='bbox 2062 1049 2085 1083; x_wconf 96' lang='lat' dir='ltr'>l.</span> <span class='ocrx_word' id='word_1_162' title='bbox 2107 1062 2136 1085; x_wconf 90' lang='lat' dir='ltr'>c.</span> 
     </span>
     <span class='ocr_line' id='line_1_16' title="bbox 202 1089 2136 1151; baseline 0.008 -27"><span class='ocrx_word' id='word_1_163' title='bbox 202 1089 247 1124; x_wconf 87' lang='lat'>39</span> <span class='ocrx_word' id='word_1_164' title='bbox 259 1102 313 1135; x_wconf 90' lang='lat' dir='ltr'>sq.</span> <span class='ocrx_word' id='word_1_165' title='bbox 329 1091 514 1127; x_wconf 84' lang='lat' dir='ltr'>uberrime</span> <span class='ocrx_word' id='word_1_166' title='bbox 539 1093 630 1139; x_wconf 90' lang='lat' dir='ltr'>egit.</span> <span class='ocrx_word' id='word_1_167' title='bbox 671 1094 796 1140; x_wconf 87' lang='lat' dir='ltr'>Usque</span> <span class='ocrx_word' id='word_1_168' title='bbox 820 1097 868 1131; x_wconf 92' lang='lat' dir='ltr'>ad</span> <span class='ocrx_word' id='word_1_169' title='bbox 893 1097 917 1132; x_wconf 90' lang='lat' dir='ltr'>f.</span> <span class='ocrx_word' id='word_1_170' title='bbox 935 1098 980 1132; x_wconf 81' lang='lat'>35</span> <span class='ocrx_word' id='word_1_171' title='bbox 1005 1098 1194 1143; x_wconf 86' lang='lat' dir='ltr'>epitomen</span> <span class='ocrx_word' id='word_1_172' title='bbox 1211 1099 1351 1134; x_wconf 90' lang='lat' dir='ltr'>Iuliani</span> <span class='ocrx_word' id='word_1_173' title='bbox 1377 1100 1555 1143; x_wconf 87' lang='lat' dir='ltr'>continet,</span> <span class='ocrx_word' id='word_1_174' title='bbox 1583 1101 1642 1136; x_wconf 90' lang='lat' dir='ltr'>cui</span> <span class='ocrx_word' id='word_1_175' title='bbox 1667 1102 1743 1137; x_wconf 87' lang='lat' dir='ltr'>alia</span> <span class='ocrx_word' id='word_1_176' title='bbox 1768 1115 1881 1138; x_wconf 87' lang='lat' dir='ltr'>manu</span> <span class='ocrx_word' id='word_1_177' title='bbox 1906 1104 1943 1138; x_wconf 91' lang='lat' dir='ltr'>in</span> <span class='ocrx_word' id='word_1_178' title='bbox 1969 1106 2136 1151; x_wconf 81' lang='lat' dir='ltr'>margine</span> 
     </span>
     <span class='ocr_line' id='line_1_17' title="bbox 202 1147 2136 1204; baseline 0.008 -22"><span class='ocrx_word' id='word_1_179' title='bbox 202 1147 265 1183; x_wconf 87' lang='lat' dir='ltr'>fol.</span> <span class='ocrx_word' id='word_1_180' title='bbox 283 1149 305 1182; x_wconf 81' lang='lat'><strong>2</strong></span> <span class='ocrx_word' id='word_1_181' title='bbox 330 1149 405 1184; x_wconf 87' lang='lat' dir='ltr'>tria</span> <span class='ocrx_word' id='word_1_182' title='bbox 430 1150 614 1187; x_wconf 87' lang='lat' dir='ltr'>Breviarii</span> <span class='ocrx_word' id='word_1_183' title='bbox 638 1153 850 1199; x_wconf 83' lang='lat' dir='ltr'>fragmenta</span> <span class='ocrx_word' id='word_1_184' title='bbox 875 1155 1067 1202; x_wconf 86' lang='lat' dir='ltr'>adscripta</span> <span class='ocrx_word' id='word_1_185' title='bbox 1092 1160 1179 1192; x_wconf 86' lang='lat' dir='ltr'>sunt</span> <span class='ocrx_word' id='word_1_186' title='bbox 1208 1157 1279 1202; x_wconf 73' lang='grc' dir='ltr'><strong>[ΒΓ.</strong></span> <span class='ocrx_word' id='word_1_187' title='bbox 1299 1158 1366 1192; x_wconf 85' lang='lat' dir='ltr'>Th.</span> <span class='ocrx_word' id='word_1_188' title='bbox 1386 1158 1486 1200; x_wconf 92' lang='lat' dir='ltr'><strong>VIII,</strong></span> <span class='ocrx_word' id='word_1_189' title='bbox 1506 1159 1536 1200; x_wconf 89' lang='lat'>9,</span> <span class='ocrx_word' id='word_1_190' title='bbox 1556 1161 1576 1193; x_wconf 87' lang='grc'><strong>6</strong></span> <span class='ocrx_word' id='word_1_191' title='bbox 1602 1159 1686 1201; x_wconf 88' lang='lat' dir='ltr'>int.;</span> <span class='ocrx_word' id='word_1_192' title='bbox 1712 1160 1770 1194; x_wconf 73' lang='grc' dir='ltr'>ΒΓ.</span> <span class='ocrx_word' id='word_1_193' title='bbox 1790 1161 1857 1195; x_wconf 91' lang='lat' dir='ltr'>Th.</span> <span class='ocrx_word' id='word_1_194' title='bbox 1876 1161 1939 1202; x_wconf 89' lang='lat' dir='ltr'><strong>III,</strong></span> <span class='ocrx_word' id='word_1_195' title='bbox 1958 1162 1989 1202; x_wconf 85' lang='lat'>8,</span> <span class='ocrx_word' id='word_1_196' title='bbox 2007 1163 2028 1196; x_wconf 78' lang='lat'>2</span> <span class='ocrx_word' id='word_1_197' title='bbox 2053 1163 2136 1204; x_wconf 87' lang='lat' dir='ltr'>int.;</span> 
     </span>
     <span class='ocr_line' id='line_1_18' title="bbox 203 1205 2137 1265; baseline 0.008 -25"><span class='ocrx_word' id='word_1_198' title='bbox 203 1205 261 1241; x_wconf 92' lang='lat' dir='ltr'>Br.</span> <span class='ocrx_word' id='word_1_199' title='bbox 279 1206 348 1241; x_wconf 89' lang='lat' dir='ltr'>Th.</span> <span class='ocrx_word' id='word_1_200' title='bbox 367 1207 412 1249; x_wconf 84' lang='lat' dir='ltr'><strong>II,</strong></span> <span class='ocrx_word' id='word_1_201' title='bbox 431 1208 486 1250; x_wconf 74' lang='lat'>21,</span> <span class='ocrx_word' id='word_1_202' title='bbox 507 1209 551 1253; x_wconf 90' lang='lat'>1].</span> <span class='ocrx_word' id='word_1_203' title='bbox 600 1209 694 1245; x_wconf 88' lang='lat' dir='ltr'>Dein</span> <span class='ocrx_word' id='word_1_204' title='bbox 724 1211 824 1247; x_wconf 88' lang='lat' dir='ltr'>idem</span> <span class='ocrx_word' id='word_1_205' title='bbox 853 1212 1014 1258; x_wconf 77' lang='lat' dir='ltr'>scriptor</span> <span class='ocrx_word' id='word_1_206' title='bbox 1038 1214 1131 1249; x_wconf 87' lang='lat' dir='ltr'>folia</span> <span class='ocrx_word' id='word_1_207' title='bbox 1156 1215 1314 1250; x_wconf 79' lang='lat'><strong>37-40⁴</strong></span> <span class='ocrx_word' id='word_1_208' title='bbox 1340 1216 1427 1251; x_wconf 88' lang='lat' dir='ltr'>aliis</span> <span class='ocrx_word' id='word_1_209' title='bbox 1453 1217 1636 1252; x_wconf 84' lang='lat' dir='ltr'>Breviarii</span> <span class='ocrx_word' id='word_1_210' title='bbox 1667 1217 1759 1253; x_wconf 90' lang='lat' dir='ltr'>locis</span> <span class='ocrx_word' id='word_1_211' title='bbox 1794 1219 2013 1263; x_wconf 85' lang='lat' dir='ltr'>complevit,</span> <span class='ocrx_word' id='word_1_212' title='bbox 2046 1233 2137 1265; x_wconf 87' lang='lat' dir='ltr'>quos</span> 
     </span>
     <span class='ocr_line' id='line_1_19' title="bbox 202 1263 2137 1320; baseline 0.008 -22"><span class='ocrx_word' id='word_1_213' title='bbox 202 1275 247 1299; x_wconf 83' lang='lat' dir='ltr'>ex</span> <span class='ocrx_word' id='word_1_214' title='bbox 277 1263 384 1300; x_wconf 90' lang='lat' dir='ltr'>libris</span> <span class='ocrx_word' id='word_1_215' title='bbox 416 1266 555 1302; x_wconf 87' lang='lat' dir='ltr'>codicis</span> <span class='ocrx_word' id='word_1_216' title='bbox 581 1267 831 1304; x_wconf 88' lang='lat' dir='ltr'>Theodosiani</span> <span class='ocrx_word' id='word_1_217' title='bbox 856 1271 883 1312; x_wconf 95' lang='lat' dir='ltr'>I,</span> <span class='ocrx_word' id='word_1_218' title='bbox 910 1271 955 1312; x_wconf 92' lang='lat' dir='ltr'><strong>II,</strong></span> <span class='ocrx_word' id='word_1_219' title='bbox 983 1271 1046 1311; x_wconf 91' lang='lat' dir='ltr'><strong>III,</strong></span> <span class='ocrx_word' id='word_1_220' title='bbox 1074 1272 1136 1313; x_wconf 89' lang='lat' dir='ltr'>IV,</span> <span class='ocrx_word' id='word_1_221' title='bbox 1162 1272 1251 1308; x_wconf 91' lang='lat' dir='ltr'><strong>VIII</strong></span> <span class='ocrx_word' id='word_1_222' title='bbox 1277 1276 1315 1309; x_wconf 90' lang='lat' dir='ltr'>et</span> <span class='ocrx_word' id='word_1_223' title='bbox 1341 1274 1408 1316; x_wconf 89' lang='lat' dir='ltr'>IX,</span> <span class='ocrx_word' id='word_1_224' title='bbox 1445 1286 1489 1310; x_wconf 82' lang='lat' dir='ltr'>ex</span> <span class='ocrx_word' id='word_1_225' title='bbox 1518 1275 1629 1310; x_wconf 90' lang='lat' dir='ltr'>Pauli</span> <span class='ocrx_word' id='word_1_226' title='bbox 1659 1276 1930 1311; x_wconf 85' lang='lat' dir='ltr'>sententiarum</span> <span class='ocrx_word' id='word_1_227' title='bbox 1963 1278 2068 1313; x_wconf 86' lang='lat' dir='ltr'>libris</span> <span class='ocrx_word' id='word_1_228' title='bbox 2094 1278 2137 1320; x_wconf 78' lang='lat' dir='ltr'>V,</span> 
     </span>
     <span class='ocr_line' id='line_1_20' title="bbox 202 1320 2137 1378; baseline 0.008 -24"><span class='ocrx_word' id='word_1_229' title='bbox 202 1320 266 1359; x_wconf 77' lang='grc' dir='ltr'><strong>ΙΙΙ,</strong></span> <span class='ocrx_word' id='word_1_230' title='bbox 292 1321 327 1356; x_wconf 90' lang='lat' dir='ltr'>II</span> <span class='ocrx_word' id='word_1_231' title='bbox 351 1324 391 1358; x_wconf 86' lang='lat' dir='ltr'>et</span> <span class='ocrx_word' id='word_1_232' title='bbox 415 1323 442 1365; x_wconf 90' lang='lat' dir='ltr'>I,</span> <span class='ocrx_word' id='word_1_233' title='bbox 468 1335 513 1358; x_wconf 84' lang='lat' dir='ltr'>ex</span> <span class='ocrx_word' id='word_1_234' title='bbox 530 1324 624 1360; x_wconf 85' lang='lat' dir='ltr'>Gaio</span> <span class='ocrx_word' id='word_1_235' title='bbox 651 1326 695 1368; x_wconf 87' lang='lat' dir='ltr'>ll,</span> <span class='ocrx_word' id='word_1_236' title='bbox 716 1327 768 1368; x_wconf 92' lang='lat'>10,</span> <span class='ocrx_word' id='word_1_237' title='bbox 795 1328 931 1363; x_wconf 87' lang='lat' dir='ltr'>iterum</span> <span class='ocrx_word' id='word_1_238' title='bbox 956 1341 1001 1364; x_wconf 82' lang='lat' dir='ltr'>ex</span> <span class='ocrx_word' id='word_1_239' title='bbox 1019 1329 1129 1365; x_wconf 86' lang='lat' dir='ltr'>Pauli</span> <span class='ocrx_word' id='word_1_240' title='bbox 1154 1331 1251 1366; x_wconf 92' lang='lat' dir='ltr'>libro</span> <span class='ocrx_word' id='word_1_241' title='bbox 1279 1332 1324 1373; x_wconf 87' lang='grc' dir='ltr'>ΙΙ,</span> <span class='ocrx_word' id='word_1_242' title='bbox 1351 1343 1396 1367; x_wconf 86' lang='lat' dir='ltr'>ex</span> <span class='ocrx_word' id='word_1_243' title='bbox 1412 1332 1662 1368; x_wconf 88' lang='lat' dir='ltr'>Theodosiani</span> <span class='ocrx_word' id='word_1_244' title='bbox 1687 1334 1793 1369; x_wconf 91' lang='lat' dir='ltr'>libris</span> <span class='ocrx_word' id='word_1_245' title='bbox 1820 1334 1881 1376; x_wconf 87' lang='lat' dir='ltr'>IX,</span> <span class='ocrx_word' id='word_1_246' title='bbox 1909 1335 1952 1378; x_wconf 86' lang='lat' dir='ltr'>X,</span> <span class='ocrx_word' id='word_1_247' title='bbox 1979 1335 2040 1378; x_wconf 78' lang='lat' dir='ltr'>XI,</span> <span class='ocrx_word' id='word_1_248' title='bbox 2068 1336 2137 1371; x_wconf 91' lang='lat' dir='ltr'>XII</span> 
     </span>
     <span class='ocr_line' id='line_1_21' title="bbox 201 1379 2138 1429; baseline 0.007 -15"><span class='ocrx_word' id='word_1_249' title='bbox 201 1380 241 1414; x_wconf 85' lang='lat' dir='ltr'>et</span> <span class='ocrx_word' id='word_1_250' title='bbox 265 1379 345 1421; x_wconf 82' lang='lat' dir='ltr'>XV,</span> <span class='ocrx_word' id='word_1_251' title='bbox 371 1391 416 1415; x_wconf 81' lang='lat' dir='ltr'>ex</span> <span class='ocrx_word' id='word_1_252' title='bbox 438 1382 598 1418; x_wconf 83' lang='lat' dir='ltr'>novellis</span> <span class='ocrx_word' id='word_1_253' title='bbox 617 1383 819 1420; x_wconf 89' lang='lat' dir='ltr'>Theodosii</span> <span class='ocrx_word' id='word_1_254' title='bbox 845 1388 883 1422; x_wconf 86' lang='lat' dir='ltr'>et</span> <span class='ocrx_word' id='word_1_255' title='bbox 907 1386 1176 1429; x_wconf 83' lang='lat' dir='ltr'>Valentiniani,</span> <span class='ocrx_word' id='word_1_256' title='bbox 1203 1389 1340 1424; x_wconf 87' lang='lat' dir='ltr'>iterum</span> <span class='ocrx_word' id='word_1_257' title='bbox 1364 1401 1409 1424; x_wconf 83' lang='lat' dir='ltr'>ex</span> <span class='ocrx_word' id='word_1_258' title='bbox 1434 1390 1544 1425; x_wconf 81' lang='lat' dir='ltr'>Pauli</span> <span class='ocrx_word' id='word_1_259' title='bbox 1568 1391 1664 1426; x_wconf 92' lang='lat' dir='ltr'>libro</span> <span class='ocrx_word' id='word_1_260' title='bbox 1690 1391 1742 1425; x_wconf 90' lang='lat' dir='ltr'><strong>IV</strong></span> <span class='ocrx_word' id='word_1_261' title='bbox 1766 1394 1804 1427; x_wconf 90' lang='lat' dir='ltr'>et</span> <span class='ocrx_word' id='word_1_262' title='bbox 1830 1392 1881 1426; x_wconf 86' lang='lat' dir='ltr'>III</span> <span class='ocrx_word' id='word_1_263' title='bbox 1907 1393 2032 1428; x_wconf 74' lang='lat' dir='ltr'>traxit.</span> <span class='ocrx_word' id='word_1_264' title='bbox 2082 1394 2138 1428; x_wconf 92' lang='lat' dir='ltr'>In-</span> 
     </span>
     <span class='ocr_line' id='line_1_22' title="bbox 200 1436 2137 1496; baseline 0.008 -25"><span class='ocrx_word' id='word_1_265' title='bbox 200 1436 425 1482; x_wconf 89' lang='lat' dir='ltr'>scriptiones</span> <span class='ocrx_word' id='word_1_266' title='bbox 451 1439 683 1486; x_wconf 88' lang='lat' dir='ltr'>singularum</span> <span class='ocrx_word' id='word_1_267' title='bbox 712 1442 838 1488; x_wconf 88' lang='lat' dir='ltr'>legum</span> <span class='ocrx_word' id='word_1_268' title='bbox 868 1444 1088 1490; x_wconf 89' lang='lat' dir='ltr'>plerumque</span> <span class='ocrx_word' id='word_1_269' title='bbox 1120 1446 1256 1482; x_wconf 83' lang='lat' dir='ltr'>desunt</span> <span class='ocrx_word' id='word_1_270' title='bbox 1281 1447 1340 1481; x_wconf 85' lang='lat' dir='ltr'>vel</span> <span class='ocrx_word' id='word_1_271' title='bbox 1366 1447 1586 1493; x_wconf 82' lang='lat' dir='ltr'>imperfecte</span> <span class='ocrx_word' id='word_1_272' title='bbox 1620 1449 1850 1493; x_wconf 86' lang='lat' dir='ltr'>scribuntur,</span> <span class='ocrx_word' id='word_1_273' title='bbox 1881 1463 2027 1496; x_wconf 86' lang='lat' dir='ltr'>semper</span> <span class='ocrx_word' id='word_1_274' title='bbox 2052 1464 2137 1487; x_wconf 71' lang='lat' dir='ltr'>vero</span> 
     </span>
     <span class='ocr_line' id='line_1_23' title="bbox 201 1494 2138 1554; baseline 0.009 -26"><span class='ocrx_word' id='word_1_275' title='bbox 201 1494 325 1530; x_wconf 84' lang='lat' dir='ltr'>scriba</span> <span class='ocrx_word' id='word_1_276' title='bbox 349 1497 495 1532; x_wconf 80' lang='lat' dir='ltr'>textum</span> <span class='ocrx_word' id='word_1_277' title='bbox 520 1501 559 1534; x_wconf 84' lang='lat' dir='ltr'>et</span> <span class='ocrx_word' id='word_1_278' title='bbox 587 1498 919 1545; x_wconf 82' lang='lat' dir='ltr'>interpretationes</span> <span class='ocrx_word' id='word_1_279' title='bbox 945 1503 1156 1549; x_wconf 86' lang='lat' dir='ltr'>distinguit.</span> <span class='ocrx_word' id='word_1_280' title='bbox 1207 1505 1415 1542; x_wconf 85' lang='lat' dir='ltr'>Citationes</span> <span class='ocrx_word' id='word_1_281' title='bbox 1439 1518 1540 1542; x_wconf 89' lang='lat' dir='ltr'>more</span> <span class='ocrx_word' id='word_1_282' title='bbox 1565 1507 1792 1543; x_wconf 87' lang='lat' dir='ltr'>Bononiensi</span> <span class='ocrx_word' id='word_1_283' title='bbox 1820 1508 1923 1543; x_wconf 85' lang='lat' dir='ltr'>facit.</span> <span class='ocrx_word' id='word_1_284' title='bbox 1972 1509 2138 1554; x_wconf 86' lang='lat' dir='ltr'>Denique</span> 
     </span>
     <span class='ocr_line' id='line_1_24' title="bbox 200 1552 2137 1608; baseline 0.008 -21"><span class='ocrx_word' id='word_1_285' title='bbox 200 1552 240 1587; x_wconf 89' lang='lat' dir='ltr'>in</span> <span class='ocrx_word' id='word_1_286' title='bbox 263 1554 432 1600; x_wconf 84' lang='lat' dir='ltr'>margine</span> <span class='ocrx_word' id='word_1_287' title='bbox 457 1555 521 1591; x_wconf 86' lang='lat' dir='ltr'>fol.</span> <span class='ocrx_word' id='word_1_288' title='bbox 539 1557 599 1591; x_wconf 86' lang='lat'>40¹</span> <span class='ocrx_word' id='word_1_289' title='bbox 624 1560 803 1594; x_wconf 87' lang='lat' dir='ltr'>nonnulla</span> <span class='ocrx_word' id='word_1_290' title='bbox 827 1560 1001 1607; x_wconf 85' lang='lat' dir='ltr'>Ansegisi</span> <span class='ocrx_word' id='word_1_291' title='bbox 1027 1556 1197 1607; x_wconf 86' lang='lat' dir='ltr'>capitula</span> <span class='ocrx_word' id='word_1_292' title='bbox 1223 1563 1355 1599; x_wconf 87' lang='lat' dir='ltr'>adfert.</span> <span class='ocrx_word' id='word_1_293' title='bbox 1410 1563 1549 1605; x_wconf 80' lang='lat' dir='ltr'>Codex,</span> <span class='ocrx_word' id='word_1_294' title='bbox 1582 1567 1625 1599; x_wconf 90' lang='lat' dir='ltr'>ut</span> <span class='ocrx_word' id='word_1_295' title='bbox 1651 1566 1805 1601; x_wconf 86' lang='lat' dir='ltr'>Patetta</span> <span class='ocrx_word' id='word_1_296' title='bbox 1831 1566 1896 1608; x_wconf 82' lang='lat' dir='ltr'>ait,</span> <span class='ocrx_word' id='word_1_297' title='bbox 1922 1567 1999 1602; x_wconf 88' lang='lat' dir='ltr'>sine</span> <span class='ocrx_word' id='word_1_298' title='bbox 2025 1567 2137 1603; x_wconf 87' lang='lat' dir='ltr'>dubio</span> 
     </span>
     <span class='ocr_line' id='line_1_25' title="bbox 200 1611 2139 1670; baseline 0.007 -25"><span class='ocrx_word' id='word_1_299' title='bbox 200 1611 346 1657; x_wconf 85' lang='lat' dir='ltr'>origine</span> <span class='ocrx_word' id='word_1_300' title='bbox 372 1613 508 1649; x_wconf 82' lang='lat' dir='ltr'>Italica</span> <span class='ocrx_word' id='word_1_301' title='bbox 533 1616 604 1657; x_wconf 88' lang='lat' dir='ltr'>est,</span> <span class='ocrx_word' id='word_1_302' title='bbox 633 1616 762 1661; x_wconf 84' lang='lat' dir='ltr'>itaque</span> <span class='ocrx_word' id='word_1_303' title='bbox 787 1618 894 1653; x_wconf 89' lang='lat' dir='ltr'>nobis</span> <span class='ocrx_word' id='word_1_304' title='bbox 918 1618 1063 1654; x_wconf 85' lang='lat' dir='ltr'>indicat</span> <span class='ocrx_word' id='word_1_305' title='bbox 1086 1619 1321 1656; x_wconf 87' lang='lat' dir='ltr'>Breviarium</span> <span class='ocrx_word' id='word_1_306' title='bbox 1346 1621 1385 1656; x_wconf 88' lang='lat' dir='ltr'>in</span> <span class='ocrx_word' id='word_1_307' title='bbox 1415 1621 1483 1656; x_wconf 85' lang='lat' dir='ltr'>illa</span> <span class='ocrx_word' id='word_1_308' title='bbox 1509 1622 1676 1668; x_wconf 83' lang='lat' dir='ltr'>regione,</span> <span class='ocrx_word' id='word_1_309' title='bbox 1708 1624 1773 1658; x_wconf 91' lang='lat' dir='ltr'>ubi</span> <span class='ocrx_word' id='word_1_310' title='bbox 1798 1624 1959 1670; x_wconf 89' lang='lat' dir='ltr'>scriptus</span> <span class='ocrx_word' id='word_1_311' title='bbox 1986 1628 2055 1666; x_wconf 85' lang='lat' dir='ltr'>est,</span> <span class='ocrx_word' id='word_1_312' title='bbox 2081 1638 2139 1661; x_wconf 83' lang='lat' dir='ltr'>ex-</span> 
     </span>
     <span class='ocr_line' id='line_1_26' title="bbox 200 1671 2138 1723; baseline 0.007 -18"><span class='ocrx_word' id='word_1_313' title='bbox 200 1672 311 1705; x_wconf 89' lang='lat' dir='ltr'>eunte</span> <span class='ocrx_word' id='word_1_314' title='bbox 329 1671 478 1706; x_wconf 84' lang='lat' dir='ltr'>saeculo</span> <span class='ocrx_word' id='word_1_315' title='bbox 497 1672 639 1709; x_wconf 89' lang='lat' dir='ltr'>decimo</span> <span class='ocrx_word' id='word_1_316' title='bbox 657 1678 790 1719; x_wconf 89' lang='lat' dir='ltr'>quarto</span> <span class='ocrx_word' id='word_1_317' title='bbox 807 1676 971 1711; x_wconf 90' lang='lat' dir='ltr'>nondum</span> <span class='ocrx_word' id='word_1_318' title='bbox 996 1678 1200 1714; x_wconf 79' lang='lat' dir='ltr'>evanuisse.</span> <span class='ocrx_word' id='word_1_319' title='bbox 1243 1679 1328 1714; x_wconf 87' lang='lat' dir='ltr'>Nisi</span> <span class='ocrx_word' id='word_1_320' title='bbox 1352 1679 1408 1714; x_wconf 87' lang='lat' dir='ltr'>ita</span> <span class='ocrx_word' id='word_1_321' title='bbox 1430 1691 1487 1715; x_wconf 89' lang='lat' dir='ltr'>res</span> <span class='ocrx_word' id='word_1_322' title='bbox 1505 1680 1647 1723; x_wconf 88' lang='lat' dir='ltr'>fuisset,</span> <span class='ocrx_word' id='word_1_323' title='bbox 1673 1681 1796 1717; x_wconf 88' lang='lat' dir='ltr'>scriba</span> <span class='ocrx_word' id='word_1_324' title='bbox 1812 1686 1937 1718; x_wconf 88' lang='lat' dir='ltr'>noster</span> <span class='ocrx_word' id='word_1_325' title='bbox 1953 1683 2138 1719; x_wconf 75' lang='lat' dir='ltr'>Breviarii</span> 
     </span>
     <span class='ocr_line' id='line_1_27' title="bbox 200 1730 2137 1787; baseline 0.008 -25"><span class='ocrx_word' id='word_1_326' title='bbox 200 1730 377 1774; x_wconf 78' lang='lat' dir='ltr'>excerpta</span> <span class='ocrx_word' id='word_1_327' title='bbox 402 1730 522 1766; x_wconf 84' lang='lat' dir='ltr'>codici</span> <span class='ocrx_word' id='word_1_328' title='bbox 540 1731 678 1767; x_wconf 86' lang='lat' dir='ltr'>Iuliani</span> <span class='ocrx_word' id='word_1_329' title='bbox 703 1745 777 1769; x_wconf 91' lang='lat' dir='ltr'>non</span> <span class='ocrx_word' id='word_1_330' title='bbox 802 1734 1018 1777; x_wconf 87' lang='lat' dir='ltr'>addidisset,</span> <span class='ocrx_word' id='word_1_331' title='bbox 1044 1747 1140 1780; x_wconf 85' lang='lat' dir='ltr'>quae</span> <span class='ocrx_word' id='word_1_332' title='bbox 1165 1739 1232 1772; x_wconf 87' lang='lat' dir='ltr'>aut</span> <span class='ocrx_word' id='word_1_333' title='bbox 1256 1737 1338 1783; x_wconf 90' lang='lat' dir='ltr'>ipse</span> <span class='ocrx_word' id='word_1_334' title='bbox 1357 1749 1401 1773; x_wconf 84' lang='lat' dir='ltr'>ex</span> <span class='ocrx_word' id='word_1_335' title='bbox 1420 1737 1606 1774; x_wconf 80' lang='lat' dir='ltr'>Breviarii</span> <span class='ocrx_word' id='word_1_336' title='bbox 1625 1740 1785 1784; x_wconf 89' lang='lat' dir='ltr'>quodam</span> <span class='ocrx_word' id='word_1_337' title='bbox 1804 1741 2009 1787; x_wconf 79' lang='lat' dir='ltr'>exemplari</span> <span class='ocrx_word' id='word_1_338' title='bbox 2026 1741 2137 1787; x_wconf 89' lang='lat' dir='ltr'>pleno</span> 
     </span>
     <span class='ocr_line' id='line_1_28' title="bbox 200 1785 1096 1836; baseline 0.01 -16"><span class='ocrx_word' id='word_1_339' title='bbox 200 1785 260 1821; x_wconf 87' lang='lat' dir='ltr'>vel</span> <span class='ocrx_word' id='word_1_340' title='bbox 283 1786 480 1823; x_wconf 86' lang='lat' dir='ltr'>decurtato</span> <span class='ocrx_word' id='word_1_341' title='bbox 504 1789 659 1836; x_wconf 87' lang='lat' dir='ltr'>collegit</span> <span class='ocrx_word' id='word_1_342' title='bbox 684 1793 751 1826; x_wconf 90' lang='lat' dir='ltr'>aut</span> <span class='ocrx_word' id='word_1_343' title='bbox 775 1792 927 1828; x_wconf 89' lang='lat' dir='ltr'>aliunde</span> <span class='ocrx_word' id='word_1_344' title='bbox 955 1793 1096 1829; x_wconf 90' lang='lat' dir='ltr'>hausit.</span> 
     </span>
    </p>
   </div>
   <div class='ocr_carea' id='block_1_7' title="bbox 195 1855 2133 2258">
    <p class='ocr_par' dir='ltr' id='par_1_7' title="bbox 195 1855 2133 2258">
     <span class='ocr_line' id='line_1_29' title="bbox 313 1855 2132 1912; baseline 0.006 -21"><span class='ocrx_word' id='word_1_345' title='bbox 313 1855 471 1893; x_wconf 87' lang='lat' dir='ltr'>Scholae</span> <span class='ocrx_word' id='word_1_346' title='bbox 500 1870 585 1894; x_wconf 91' lang='lat' dir='ltr'>vero</span> <span class='ocrx_word' id='word_1_347' title='bbox 611 1859 702 1895; x_wconf 89' lang='lat' dir='ltr'>iuris</span> <span class='ocrx_word' id='word_1_348' title='bbox 736 1861 859 1896; x_wconf 83' lang='lat' dir='ltr'>civilis</span> <span class='ocrx_word' id='word_1_349' title='bbox 883 1862 1110 1898; x_wconf 90' lang='lat' dir='ltr'>Bononiensi</span> <span class='ocrx_word' id='word_1_350' title='bbox 1134 1863 1368 1899; x_wconf 86' lang='lat' dir='ltr'>Breviarium</span> <span class='ocrx_word' id='word_1_351' title='bbox 1399 1865 1548 1901; x_wconf 89' lang='lat' dir='ltr'>omuino</span> <span class='ocrx_word' id='word_1_352' title='bbox 1581 1866 1753 1912; x_wconf 87' lang='lat' dir='ltr'>ignotum</span> <span class='ocrx_word' id='word_1_353' title='bbox 1783 1867 1865 1902; x_wconf 86' lang='lat' dir='ltr'>fuit.</span> <span class='ocrx_word' id='word_1_354' title='bbox 1921 1867 2026 1902; x_wconf 85' lang='lat' dir='ltr'>Solus</span> <span class='ocrx_word' id='word_1_355' title='bbox 2059 1868 2132 1903; x_wconf 80' lang='lat' dir='ltr'>Azo</span> 
     </span>
     <span class='ocr_line' id='line_1_30' title="bbox 198 1913 2130 1967; baseline 0.006 -19"><span class='ocrx_word' id='word_1_356' title='bbox 198 1913 237 1948; x_wconf 88' lang='grc'>111</span> <span class='ocrx_word' id='word_1_357' title='bbox 271 1913 416 1950; x_wconf 84' lang='lat' dir='ltr'>lectura</span> <span class='ocrx_word' id='word_1_358' title='bbox 449 1915 498 1950; x_wconf 88' lang='lat' dir='ltr'>ad</span> <span class='ocrx_word' id='word_1_359' title='bbox 528 1917 694 1953; x_wconf 84' lang='lat' dir='ltr'>codicem</span> <span class='ocrx_word' id='word_1_360' title='bbox 725 1919 964 1964; x_wconf 45' lang='lat' dir='ltr'>Iustiniani&amp;</span> <span class='ocrx_word' id='word_1_361' title='bbox 998 1920 1076 1967; x_wconf 86' lang='lat' dir='ltr'>legi</span> <span class='ocrx_word' id='word_1_362' title='bbox 1101 1923 1121 1956; x_wconf 84' lang='lat'>5</span> <span class='ocrx_word' id='word_1_363' title='bbox 1147 1921 1186 1957; x_wconf 89' lang='lat' dir='ltr'>C.</span> <span class='ocrx_word' id='word_1_364' title='bbox 1202 1922 1246 1964; x_wconf 89' lang='lat' dir='ltr'>X,</span> <span class='ocrx_word' id='word_1_365' title='bbox 1267 1924 1307 1957; x_wconf 90' lang='lat'>11</span> <span class='ocrx_word' id='word_1_366' title='bbox 1343 1923 1387 1958; x_wconf 88' lang='lat' dir='ltr'>de</span> <span class='ocrx_word' id='word_1_367' title='bbox 1413 1923 1643 1959; x_wconf 81' lang='lat' dir='ltr'>delatoribus</span> <span class='ocrx_word' id='word_1_368' title='bbox 1676 1925 1781 1960; x_wconf 84' lang='lat' dir='ltr'>addit</span> <span class='ocrx_word' id='word_1_369' title='bbox 1811 1925 1864 1960; x_wconf 81' lang='lat' dir='ltr'>‘ut</span> <span class='ocrx_word' id='word_1_370' title='bbox 1895 1925 1933 1959; x_wconf 90' lang='lat' dir='ltr'>in</span> <span class='ocrx_word' id='word_1_371' title='bbox 1964 1925 2130 1961; x_wconf 89' lang='lat' dir='ltr'>Theodo-</span> 
     </span>
     <span class='ocr_line' id='line_1_31' title="bbox 197 1971 2132 2025; baseline 0.006 -19"><span class='ocrx_word' id='word_1_372' title='bbox 197 1971 302 2007; x_wconf 86' lang='lat' dir='ltr'>siano</span> <span class='ocrx_word' id='word_1_373' title='bbox 333 1972 474 2008; x_wconf 82' lang='lat' dir='ltr'>codice’</span> <span class='ocrx_word' id='word_1_374' title='bbox 498 1976 567 2009; x_wconf 87' lang='lat' dir='ltr'>etc.</span> <span class='ocrx_word' id='word_1_375' title='bbox 600 1974 716 2020; x_wconf 85' lang='lat' dir='ltr'>[Sav.²</span> <span class='ocrx_word' id='word_1_376' title='bbox 742 1977 804 2018; x_wconf 88' lang='lat' dir='ltr'><strong>III,</strong></span> <span class='ocrx_word' id='word_1_377' title='bbox 829 1978 922 2022; x_wconf 59' lang='lat'>505}</span> <span class='ocrx_word' id='word_1_378' title='bbox 978 1978 1112 2013; x_wconf 91' lang='lat' dir='ltr'>Utrum</span> <span class='ocrx_word' id='word_1_379' title='bbox 1142 1979 1376 2015; x_wconf 79' lang='lat' dir='ltr'>Breviarium</span> <span class='ocrx_word' id='word_1_380' title='bbox 1409 1992 1573 2025; x_wconf 86' lang='lat' dir='ltr'>unquam</span> <span class='ocrx_word' id='word_1_381' title='bbox 1605 1981 1645 2016; x_wconf 89' lang='lat' dir='ltr'>in</span> <span class='ocrx_word' id='word_1_382' title='bbox 1675 1982 1847 2017; x_wconf 84' lang='lat' dir='ltr'>manibus</span> <span class='ocrx_word' id='word_1_383' title='bbox 1878 1982 2053 2019; x_wconf 79' lang='lat' dir='ltr'>habuerit</span> <span class='ocrx_word' id='word_1_384' title='bbox 2085 1995 2132 2018; x_wconf 88' lang='lat' dir='ltr'>an</span> 
     </span>
     <span class='ocr_line' id='line_1_32' title="bbox 197 2029 2131 2086; baseline 0.006 -22"><span class='ocrx_word' id='word_1_385' title='bbox 197 2029 449 2076; x_wconf 82' lang='lat' dir='ltr'>fragmentum</span> <span class='ocrx_word' id='word_1_386' title='bbox 487 2031 638 2069; x_wconf 88' lang='lat' dir='ltr'>aliunde</span> <span class='ocrx_word' id='word_1_387' title='bbox 674 2036 916 2080; x_wconf 83' lang='lat' dir='ltr'>excerpserit,</span> <span class='ocrx_word' id='word_1_388' title='bbox 952 2037 1078 2072; x_wconf 89' lang='lat' dir='ltr'>nescio</span> <span class='ocrx_word' id='word_1_389' title='bbox 1114 2048 1235 2082; x_wconf 88' lang='lat' dir='ltr'>neque</span> <span class='ocrx_word' id='word_1_390' title='bbox 1273 2038 1567 2074; x_wconf 84' lang='lat' dir='ltr'>necessitudines</span> <span class='ocrx_word' id='word_1_391' title='bbox 1599 2051 1682 2074; x_wconf 91' lang='lat' dir='ltr'>cum</span> <span class='ocrx_word' id='word_1_392' title='bbox 1712 2039 1871 2075; x_wconf 82' lang='lat' dir='ltr'>Francia</span> <span class='ocrx_word' id='word_1_393' title='bbox 1910 2042 2131 2086; x_wconf 87' lang='lat' dir='ltr'>praesertim</span> 
     </span>
     <span class='ocr_line' id='line_1_33' title="bbox 197 2088 2129 2143; baseline 0.007 -22"><span class='ocrx_word' id='word_1_394' title='bbox 197 2099 282 2122; x_wconf 88' lang='lat' dir='ltr'>cum</span> <span class='ocrx_word' id='word_1_395' title='bbox 305 2088 553 2126; x_wconf 88' lang='lat' dir='ltr'>universitate</span> <span class='ocrx_word' id='word_1_396' title='bbox 578 2090 918 2138; x_wconf 83' lang='lat' dir='ltr'>Montispessulana</span> <span class='ocrx_word' id='word_1_397' title='bbox 943 2094 1118 2131; x_wconf 86' lang='lat' dir='ltr'>habuisse</span> <span class='ocrx_word' id='word_1_398' title='bbox 1145 2096 1335 2141; x_wconf 56' lang='lat' dir='ltr'>videturfi)</span> <span class='ocrx_word' id='word_1_399' title='bbox 1382 2097 1577 2132; x_wconf 86' lang='lat' dir='ltr'>Accursius</span> <span class='ocrx_word' id='word_1_400' title='bbox 1596 2098 1729 2132; x_wconf 85' lang='lat' dir='ltr'>Azouis</span> <span class='ocrx_word' id='word_1_401' title='bbox 1756 2097 1962 2143; x_wconf 87' lang='lat' dir='ltr'>discipulus</span> <span class='ocrx_word' id='word_1_402' title='bbox 1981 2099 2129 2135; x_wconf 81' lang='lat' dir='ltr'>Brevia-</span> 
     </span>
     <span class='ocr_line' id='line_1_34' title="bbox 195 2145 2133 2197; baseline 0.007 -18"><span class='ocrx_word' id='word_1_403' title='bbox 195 2145 293 2180; x_wconf 84' lang='lat' dir='ltr'>rium</span> <span class='ocrx_word' id='word_1_404' title='bbox 316 2158 506 2192; x_wconf 90' lang='lat' dir='ltr'>nunquam</span> <span class='ocrx_word' id='word_1_405' title='bbox 531 2148 638 2184; x_wconf 87' lang='lat' dir='ltr'>vidit.</span> <span class='ocrx_word' id='word_1_406' title='bbox 685 2151 728 2185; x_wconf 92' lang='lat' dir='ltr'>In</span> <span class='ocrx_word' id='word_1_407' title='bbox 752 2152 877 2197; x_wconf 81' lang='lat' dir='ltr'>glossa</span> <span class='ocrx_word' id='word_1_408' title='bbox 901 2152 999 2188; x_wconf 90' lang='lat' dir='ltr'>euim</span> <span class='ocrx_word' id='word_1_409' title='bbox 1025 2154 1073 2189; x_wconf 89' lang='lat' dir='ltr'>ad</span> <span class='ocrx_word' id='word_1_410' title='bbox 1099 2154 1253 2190; x_wconf 87' lang='lat' dir='ltr'>eandem</span> <span class='ocrx_word' id='word_1_411' title='bbox 1280 2154 1418 2189; x_wconf 89' lang='lat' dir='ltr'>codicis</span> <span class='ocrx_word' id='word_1_412' title='bbox 1445 2155 1645 2191; x_wconf 84' lang='lat' dir='ltr'>Iustiniani</span> <span class='ocrx_word' id='word_1_413' title='bbox 1671 2156 1979 2192; x_wconf 84' lang='lat' dir='ltr'>constitutionem</span> <span class='ocrx_word' id='word_1_414' title='bbox 2005 2160 2133 2192; x_wconf 86' lang='lat' dir='ltr'>contra</span> 
     </span>
     <span class='ocr_line' id='line_1_35' title="bbox 196 2203 1804 2258; baseline 0.007 -21"><span class='ocrx_word' id='word_1_415' title='bbox 196 2203 436 2250; x_wconf 81' lang='lat' dir='ltr'>magistrum:</span> <span class='ocrx_word' id='word_1_416' title='bbox 459 2205 561 2240; x_wconf 83' lang='lat' dir='ltr'>‘nam</span> <span class='ocrx_word' id='word_1_417' title='bbox 585 2209 634 2242; x_wconf 91' lang='lat' dir='ltr'>ut</span> <span class='ocrx_word' id='word_1_418' title='bbox 659 2207 819 2244; x_wconf 89' lang='lat' dir='ltr'>dicunt</span> <span class='ocrx_word' id='word_1_419' title='bbox 844 2210 1027 2246; x_wconf 85' lang='lat' dir='ltr'>contineri</span> <span class='ocrx_word' id='word_1_420' title='bbox 1051 2211 1091 2245; x_wconf 89' lang='lat' dir='ltr'>in</span> <span class='ocrx_word' id='word_1_421' title='bbox 1117 2211 1377 2247; x_wconf 87' lang='lat' dir='ltr'>Theodosiauo</span> <span class='ocrx_word' id='word_1_422' title='bbox 1405 2212 1546 2248; x_wconf 85' lang='lat' dir='ltr'>codice‘</span> <span class='ocrx_word' id='word_1_423' title='bbox 1570 2215 1640 2248; x_wconf 83' lang='lat' dir='ltr'>ete.</span> <span class='ocrx_word' id='word_1_424' title='bbox 1668 2213 1804 2258; x_wconf 80' lang='lat' dir='ltr'>dicit.⁶)</span> 
     </span>
    </p>
   </div>
   <div class='ocr_carea' id='block_1_8' title="bbox 196 2272 2131 2560">
    <p class='ocr_par' dir='ltr' id='par_1_8' title="bbox 196 2272 2131 2560">
     <span class='ocr_line' id='line_1_36' title="bbox 312 2272 2131 2327; baseline 0.006 -19"><span class='ocrx_word' id='word_1_425' title='bbox 312 2272 501 2310; x_wconf 83' lang='lat' dir='ltr'>Ecclesiae</span> <span class='ocrx_word' id='word_1_426' title='bbox 518 2275 639 2310; x_wconf 88' lang='lat' dir='ltr'>forum</span> <span class='ocrx_word' id='word_1_427' title='bbox 662 2276 846 2312; x_wconf 86' lang='lat' dir='ltr'>int-rantes</span> <span class='ocrx_word' id='word_1_428' title='bbox 863 2277 1041 2314; x_wconf 85' lang='lat' dir='ltr'>Romanis</span> <span class='ocrx_word' id='word_1_429' title='bbox 1066 2280 1307 2325; x_wconf 87' lang='lat' dir='ltr'>pontificibus</span> <span class='ocrx_word' id='word_1_430' title='bbox 1332 2280 1370 2314; x_wconf 91' lang='lat' dir='ltr'>in</span> <span class='ocrx_word' id='word_1_431' title='bbox 1398 2281 1535 2317; x_wconf 87' lang='lat' dir='ltr'>litteris</span> <span class='ocrx_word' id='word_1_432' title='bbox 1553 2282 1877 2327; x_wconf 84' lang='lat' dir='ltr'>decretalibusque</span> <span class='ocrx_word' id='word_1_433' title='bbox 1896 2284 2131 2320; x_wconf 88' lang='lat' dir='ltr'>conficiendis</span> 
     </span>
     <span class='ocr_line' id='line_1_37' title="bbox 196 2329 2131 2386; baseline 0.007 -23"><span class='ocrx_word' id='word_1_434' title='bbox 196 2329 429 2366; x_wconf 86' lang='lat' dir='ltr'>Brevia-rium</span> <span class='ocrx_word' id='word_1_435' title='bbox 453 2332 537 2367; x_wconf 90' lang='lat' dir='ltr'>usui</span> <span class='ocrx_word' id='word_1_436' title='bbox 569 2344 643 2368; x_wconf 90' lang='lat' dir='ltr'>non</span> <span class='ocrx_word' id='word_1_437' title='bbox 675 2335 790 2370; x_wconf 88' lang='lat' dir='ltr'>fuisse</span> <span class='ocrx_word' id='word_1_438' title='bbox 815 2347 1154 2372; x_wconf 88' lang='lat' dir='ltr'>commemoramus.</span> <span class='ocrx_word' id='word_1_439' title='bbox 1203 2337 1344 2373; x_wconf 90' lang='lat' dir='ltr'>Unicus</span> <span class='ocrx_word' id='word_1_440' title='bbox 1371 2338 1554 2374; x_wconf 88' lang='lat' dir='ltr'>Iohannes</span> <span class='ocrx_word' id='word_1_441' title='bbox 1580 2339 1681 2374; x_wconf 83' lang='lat' dir='ltr'><strong>VIII.</strong></span> <span class='ocrx_word' id='word_1_442' title='bbox 1713 2340 1752 2374; x_wconf 89' lang='lat' dir='ltr'>in</span> <span class='ocrx_word' id='word_1_443' title='bbox 1784 2341 1945 2386; x_wconf 86' lang='lat' dir='ltr'>epistola</span> <span class='ocrx_word' id='word_1_444' title='bbox 1970 2342 2131 2386; x_wconf 84' lang='lat' dir='ltr'>quadam</span> 
     </span>
     <span class='ocr_line' id='line_1_38' title="bbox 196 2387 2130 2443; baseline 0.006 -21"><span class='ocrx_word' id='word_1_445' title='bbox 196 2387 245 2422; x_wconf 86' lang='lat' dir='ltr'>ad</span> <span class='ocrx_word' id='word_1_446' title='bbox 271 2388 499 2424; x_wconf 83' lang='lat' dir='ltr'>Ludovieum</span> <span class='ocrx_word' id='word_1_447' title='bbox 527 2402 653 2437; x_wconf 88' lang='lat' dir='ltr'>regem</span> <span class='ocrx_word' id='word_1_448' title='bbox 678 2392 944 2428; x_wconf 85' lang='lat' dir='ltr'>Germanorum</span> <span class='ocrx_word' id='word_1_449' title='bbox 969 2395 1149 2439; x_wconf 88' lang='lat' dir='ltr'>quosdam</span> <span class='ocrx_word' id='word_1_450' title='bbox 1176 2396 1427 2431; x_wconf 87' lang='lat' dir='ltr'>Theodosiani</span> <span class='ocrx_word' id='word_1_451' title='bbox 1453 2399 1578 2432; x_wconf 83' lang='lat' dir='ltr'>textus</span> <span class='ocrx_word' id='word_1_452' title='bbox 1608 2398 1803 2442; x_wconf 87' lang='lat' dir='ltr'>praebuit,</span> <span class='ocrx_word' id='word_1_453' title='bbox 1835 2411 1926 2443; x_wconf 87' lang='lat' dir='ltr'>quos</span> <span class='ocrx_word' id='word_1_454' title='bbox 1952 2400 2067 2435; x_wconf 87' lang='lat' dir='ltr'>etiam</span> <span class='ocrx_word' id='word_1_455' title='bbox 2091 2400 2130 2434; x_wconf 91' lang='lat' dir='ltr'>in</span> 
     </span>
     <span class='ocr_line' id='line_1_39' title="bbox 196 2445 2129 2503; baseline 0.006 -24"><span class='ocrx_word' id='word_1_456' title='bbox 196 2445 388 2483; x_wconf 87' lang='lat' dir='ltr'>Breviario</span> <span class='ocrx_word' id='word_1_457' title='bbox 421 2447 587 2484; x_wconf 88' lang='lat' dir='ltr'>iuvenire</span> <span class='ocrx_word' id='word_1_458' title='bbox 620 2453 745 2495; x_wconf 85' lang='lat' dir='ltr'>potes,</span> <span class='ocrx_word' id='word_1_459' title='bbox 783 2452 848 2487; x_wconf 89' lang='lat' dir='ltr'>sed</span> <span class='ocrx_word' id='word_1_460' title='bbox 881 2464 1021 2498; x_wconf 86' lang='lat' dir='ltr'>papam</span> <span class='ocrx_word' id='word_1_461' title='bbox 1057 2453 1120 2488; x_wconf 88' lang='lat' dir='ltr'>hic</span> <span class='ocrx_word' id='word_1_462' title='bbox 1157 2454 1241 2499; x_wconf 84' lang='lat' dir='ltr'>lege</span> <span class='ocrx_word' id='word_1_463' title='bbox 1276 2456 1404 2489; x_wconf 87' lang='lat' dir='ltr'>nostra</span> <span class='ocrx_word' id='word_1_464' title='bbox 1438 2466 1544 2489; x_wconf 87' lang='lat' dir='ltr'>usum</span> <span class='ocrx_word' id='word_1_465' title='bbox 1578 2467 1656 2491; x_wconf 90' lang='lat' dir='ltr'>esse</span> <span class='ocrx_word' id='word_1_466' title='bbox 1689 2456 1936 2492; x_wconf 85' lang='lat' dir='ltr'>Mommsenus</span> <span class='ocrx_word' id='word_1_467' title='bbox 1971 2460 2129 2503; x_wconf 79' lang='lat' dir='ltr'>negat.⁷)</span> 
     </span>
     <span class='ocr_line' id='line_1_40' title="bbox 196 2503 2126 2560; baseline 0.006 -22"><span class='ocrx_word' id='word_1_468' title='bbox 196 2503 248 2539; x_wconf 87' lang='lat' dir='ltr'>Ut</span> <span class='ocrx_word' id='word_1_469' title='bbox 278 2505 356 2539; x_wconf 82' lang='lat' dir='ltr'>iam</span> <span class='ocrx_word' id='word_1_470' title='bbox 385 2505 565 2542; x_wconf 86' lang='lat' dir='ltr'>Conratus</span> <span class='ocrx_word' id='word_1_471' title='bbox 597 2509 779 2551; x_wconf 86' lang='lat' dir='ltr'>ostendit,</span> <span class='ocrx_word' id='word_1_472' title='bbox 810 2509 1011 2546; x_wconf 84' lang='lat' dir='ltr'>Haenelius</span> <span class='ocrx_word' id='word_1_473' title='bbox 1042 2511 1081 2545; x_wconf 90' lang='lat' dir='ltr'>in</span> <span class='ocrx_word' id='word_1_474' title='bbox 1113 2523 1232 2547; x_wconf 86' lang='lat' dir='ltr'>errore</span> <span class='ocrx_word' id='word_1_475' title='bbox 1266 2513 1499 2555; x_wconf 72' lang='lat' dir='ltr'>versabatur,</span> <span class='ocrx_word' id='word_1_476' title='bbox 1540 2526 1623 2548; x_wconf 82' lang='lat' dir='ltr'>cum</span> <span class='ocrx_word' id='word_1_477' title='bbox 1660 2514 1801 2550; x_wconf 85' lang='lat' dir='ltr'>diceret</span> <span class='ocrx_word' id='word_1_478' title='bbox 1833 2515 2051 2560; x_wconf 76' lang='lat' dir='ltr'>Gregorium</span> <span class='ocrx_word' id='word_1_479' title='bbox 2087 2515 2126 2550; x_wconf 89' lang='lat' dir='ltr'>in</span> 
     </span>
    </p>
   </div>
   <div class='ocr_carea' id='block_1_9' title="bbox 194 2650 2127 3014">
    <p class='ocr_par' dir='ltr' id='par_1_9' title="bbox 194 2650 2127 3014">
     <span class='ocr_line' id='line_1_41' title="bbox 319 2650 2126 2703; baseline 0.006 -19"><span class='ocrx_word' id='word_1_480' title='bbox 319 2650 346 2692; x_wconf 87' lang='lat'>¹)</span> <span class='ocrx_word' id='word_1_481' title='bbox 371 2653 538 2693; x_wconf 87' lang='lat' dir='ltr'>Boretius,</span> <span class='ocrx_word' id='word_1_482' title='bbox 565 2655 628 2687; x_wconf 85' lang='lat' dir='ltr'>Die</span> <span class='ocrx_word' id='word_1_483' title='bbox 652 2656 893 2698; x_wconf 82' lang='lat' dir='ltr'>Kapitularien</span> <span class='ocrx_word' id='word_1_484' title='bbox 917 2657 975 2688; x_wconf 88' lang='lat' dir='ltr'>des</span> <span class='ocrx_word' id='word_1_485' title='bbox 993 2658 1379 2700; x_wconf 85' lang='lat' dir='ltr'>Langobardenreiches</span> <span class='ocrx_word' id='word_1_486' title='bbox 1407 2658 1470 2691; x_wconf 70' lang='lat'>192</span> <span class='ocrx_word' id='word_1_487' title='bbox 1485 2671 1550 2701; x_wconf 80' lang='lat' dir='ltr'>sq.;</span> <span class='ocrx_word' id='word_1_488' title='bbox 1579 2660 1704 2692; x_wconf 87' lang='lat' dir='ltr'>Conrat</span> <span class='ocrx_word' id='word_1_489' title='bbox 1728 2661 1799 2692; x_wconf 71' lang='lat' dir='ltr'>NA.</span> <span class='ocrx_word' id='word_1_490' title='bbox 1818 2662 1891 2699; x_wconf 69' lang='lat' dir='ltr'>XV,</span> <span class='ocrx_word' id='word_1_491' title='bbox 1919 2660 1998 2702; x_wconf 42' lang='lat' dir='ltr'>20ss</span> <span class='ocrx_word' id='word_1_492' title='bbox 2026 2662 2126 2703; x_wconf 86' lang='lat' dir='ltr'>idem,</span> 
     </span>
     <span class='ocr_line' id='line_1_42' title="bbox 197 2697 2127 2750; baseline 0.005 -20"><span class='ocrx_word' id='word_1_493' title='bbox 197 2697 344 2737; x_wconf 86' lang='lat' dir='ltr'>Quellen</span> <span class='ocrx_word' id='word_1_494' title='bbox 370 2700 396 2739; x_wconf 89' lang='grc' dir='ltr'>Ι,</span> <span class='ocrx_word' id='word_1_495' title='bbox 415 2697 483 2731; x_wconf 74' lang='grc'>284</span> <span class='ocrx_word' id='word_1_496' title='bbox 496 2711 557 2743; x_wconf 84' lang='lat' dir='ltr'>sq..</span> <span class='ocrx_word' id='word_1_497' title='bbox 606 2702 742 2734; x_wconf 76' lang='lat' dir='ltr'>Patetta</span> <span class='ocrx_word' id='word_1_498' title='bbox 770 2703 805 2734; x_wconf 93' lang='lat' dir='ltr'>in</span> <span class='ocrx_word' id='word_1_499' title='bbox 831 2703 904 2735; x_wconf 84' lang='lat' dir='ltr'>Atti</span> <span class='ocrx_word' id='word_1_500' title='bbox 929 2704 1007 2735; x_wconf 87' lang='lat' dir='ltr'>Tor.</span> <span class='ocrx_word' id='word_1_501' title='bbox 1034 2704 1141 2745; x_wconf 71' lang='lat' dir='ltr'>XXV,</span> <span class='ocrx_word' id='word_1_502' title='bbox 1167 2702 1234 2736; x_wconf 77' lang='lat'>876</span> <span class='ocrx_word' id='word_1_503' title='bbox 1264 2706 1498 2747; x_wconf 83' lang='lat' dir='ltr'>compluribus</span> <span class='ocrx_word' id='word_1_504' title='bbox 1529 2707 1756 2747; x_wconf 81' lang='lat' dir='ltr'>argumentiS,</span> <span class='ocrx_word' id='word_1_505' title='bbox 1792 2708 1879 2738; x_wconf 83' lang='lat' dir='ltr'>inter</span> <span class='ocrx_word' id='word_1_506' title='bbox 1911 2719 1997 2749; x_wconf 83' lang='lat' dir='ltr'>quae</span> <span class='ocrx_word' id='word_1_507' title='bbox 2034 2709 2127 2750; x_wconf 77' lang='lat' dir='ltr'>origo</span> 
     </span>
     <span class='ocr_line' id='line_1_43' title="bbox 197 2744 2126 2793; baseline 0.005 -18"><span class='ocrx_word' id='word_1_508' title='bbox 197 2744 316 2776; x_wconf 76' lang='lat' dir='ltr'>Italica</span> <span class='ocrx_word' id='word_1_509' title='bbox 340 2745 466 2778; x_wconf 75' lang='lat' dir='ltr'>codicis</span> <span class='ocrx_word' id='word_1_510' title='bbox 492 2747 716 2780; x_wconf 86' lang='lat' dir='ltr'>Vercellensis</span> <span class='ocrx_word' id='word_1_511' title='bbox 740 2749 900 2791; x_wconf 82' lang='lat' dir='ltr'>Ansegisi</span> <span class='ocrx_word' id='word_1_512' title='bbox 925 2749 1160 2783; x_wconf 81' lang='lat' dir='ltr'>collectionem</span> <span class='ocrx_word' id='word_1_513' title='bbox 1186 2751 1442 2792; x_wconf 87' lang='lat' dir='ltr'>complectentis</span> <span class='ocrx_word' id='word_1_514' title='bbox 1467 2752 1605 2783; x_wconf 76' lang='lat' dir='ltr'>maximi</span> <span class='ocrx_word' id='word_1_515' title='bbox 1631 2753 1792 2784; x_wconf 84' lang='lat' dir='ltr'>momenti</span> <span class='ocrx_word' id='word_1_516' title='bbox 1817 2759 1877 2793; x_wconf 84' lang='lat' dir='ltr'>est,</span> <span class='ocrx_word' id='word_1_517' title='bbox 1913 2765 2126 2786; x_wconf 83' lang='lat' dir='ltr'>communem</span> 
     </span>
     <span class='ocr_line' id='line_1_44' title="bbox 195 2790 2127 2840; baseline 0.006 -19"><span class='ocrx_word' id='word_1_518' title='bbox 195 2790 389 2832; x_wconf 86' lang='lat' dir='ltr'>opinionem</span> <span class='ocrx_word' id='word_1_519' title='bbox 415 2793 577 2825; x_wconf 80' lang='lat' dir='ltr'>refutavit</span> <span class='ocrx_word' id='word_1_520' title='bbox 594 2794 753 2836; x_wconf 86' lang='lat' dir='ltr'>Ansegisi</span> <span class='ocrx_word' id='word_1_521' title='bbox 778 2795 882 2826; x_wconf 84' lang='lat' dir='ltr'>libros</span> <span class='ocrx_word' id='word_1_522' title='bbox 901 2795 995 2827; x_wconf 85' lang='lat' dir='ltr'>Italis</span> <span class='ocrx_word' id='word_1_523' title='bbox 1019 2797 1157 2828; x_wconf 86' lang='lat' dir='ltr'>omniuo</span> <span class='ocrx_word' id='word_1_524' title='bbox 1182 2797 1316 2838; x_wconf 82' lang='lat' dir='ltr'>ignotos</span> <span class='ocrx_word' id='word_1_525' title='bbox 1334 2799 1450 2830; x_wconf 82' lang='lat' dir='ltr'>fuisse.</span> <span class='ocrx_word' id='word_1_526' title='bbox 1491 2799 1586 2838; x_wconf 74' lang='lat' dir='ltr'>Quae</span> <span class='ocrx_word' id='word_1_527' title='bbox 1612 2809 1664 2829; x_wconf 85' lang='lat' dir='ltr'>res</span> <span class='ocrx_word' id='word_1_528' title='bbox 1688 2799 1731 2830; x_wconf 89' lang='lat' dir='ltr'>ad</span> <span class='ocrx_word' id='word_1_529' title='bbox 1756 2801 1989 2840; x_wconf 75' lang='lat' dir='ltr'>quaestionem</span> <span class='ocrx_word' id='word_1_530' title='bbox 2015 2801 2127 2832; x_wconf 83' lang='lat' dir='ltr'>decer-</span> 
     </span>
     <span class='ocr_line' id='line_1_45' title="bbox 195 2836 2127 2888; baseline 0.006 -21"><span class='ocrx_word' id='word_1_531' title='bbox 195 2836 342 2868; x_wconf 85' lang='lat' dir='ltr'>nendam</span> <span class='ocrx_word' id='word_1_532' title='bbox 369 2838 515 2870; x_wconf 82' lang='lat' dir='ltr'>multum</span> <span class='ocrx_word' id='word_1_533' title='bbox 533 2839 623 2871; x_wconf 86' lang='lat' dir='ltr'>valet</span> <span class='ocrx_word' id='word_1_534' title='bbox 647 2845 763 2872; x_wconf 86' lang='lat' dir='ltr'>utrum</span> <span class='ocrx_word' id='word_1_535' title='bbox 789 2841 1006 2873; x_wconf 83' lang='lat' dir='ltr'>collectiones</span> <span class='ocrx_word' id='word_1_536' title='bbox 1031 2843 1199 2883; x_wconf 82' lang='lat' dir='ltr'>quaedam</span> <span class='ocrx_word' id='word_1_537' title='bbox 1219 2844 1386 2885; x_wconf 84' lang='lat' dir='ltr'>Ansegiso</span> <span class='ocrx_word' id='word_1_538' title='bbox 1411 2850 1545 2877; x_wconf 85' lang='lat' dir='ltr'>utentes</span> <span class='ocrx_word' id='word_1_539' title='bbox 1570 2855 1611 2875; x_wconf 82' lang='lat' dir='ltr'>ex</span> <span class='ocrx_word' id='word_1_540' title='bbox 1630 2845 1775 2877; x_wconf 84' lang='lat' dir='ltr'>Francia</span> <span class='ocrx_word' id='word_1_541' title='bbox 1799 2856 1845 2878; x_wconf 85' lang='lat' dir='ltr'>an</span> <span class='ocrx_word' id='word_1_542' title='bbox 1870 2857 1911 2878; x_wconf 78' lang='lat' dir='ltr'>ex</span> <span class='ocrx_word' id='word_1_543' title='bbox 1930 2846 2028 2878; x_wconf 72' lang='lat' dir='ltr'>ltalia</span> <span class='ocrx_word' id='word_1_544' title='bbox 2053 2857 2127 2888; x_wconf 84' lang='lat' dir='ltr'>pro-</span> 
     </span>
     <span class='ocr_line' id='line_1_46' title="bbox 195 2883 2126 2932; baseline 0.005 -18"><span class='ocrx_word' id='word_1_545' title='bbox 195 2883 303 2914; x_wconf 82' lang='lat' dir='ltr'>fectae</span> <span class='ocrx_word' id='word_1_546' title='bbox 336 2883 412 2915; x_wconf 85' lang='lat' dir='ltr'>sint.</span> <span class='ocrx_word' id='word_1_547' title='bbox 463 2884 533 2917; x_wconf 82' lang='lat' dir='ltr'>Cfr.</span> <span class='ocrx_word' id='word_1_548' title='bbox 558 2885 711 2918; x_wconf 85' lang='lat' dir='ltr'>Schmidt</span> <span class='ocrx_word' id='word_1_549' title='bbox 741 2887 774 2917; x_wconf 89' lang='lat' dir='ltr'>in</span> <span class='ocrx_word' id='word_1_550' title='bbox 800 2886 938 2919; x_wconf 84' lang='lat' dir='ltr'><strong>Z1&#39;RG.²</strong></span> <span class='ocrx_word' id='word_1_551' title='bbox 964 2888 1055 2927; x_wconf 86' lang='lat' dir='ltr'><strong>XVI,</strong></span> <span class='ocrx_word' id='word_1_552' title='bbox 1075 2887 1142 2920; x_wconf 71' lang='lat'>253</span> <span class='ocrx_word' id='word_1_553' title='bbox 1156 2899 1223 2929; x_wconf 83' lang='lat' dir='ltr'>sq.;</span> <span class='ocrx_word' id='word_1_554' title='bbox 1259 2889 1426 2932; x_wconf 77' lang='lat' dir='ltr'>Sehupfer</span> <span class='ocrx_word' id='word_1_555' title='bbox 1456 2891 1492 2922; x_wconf 90' lang='lat' dir='ltr'>in</span> <span class='ocrx_word' id='word_1_556' title='bbox 1517 2890 1588 2922; x_wconf 81' lang='lat' dir='ltr'>Atti</span> <span class='ocrx_word' id='word_1_557' title='bbox 1620 2890 1709 2922; x_wconf 85' lang='lat' dir='ltr'>della</span> <span class='ocrx_word' id='word_1_558' title='bbox 1734 2892 1772 2922; x_wconf 82' lang='lat' dir='ltr'>R.</span> <span class='ocrx_word' id='word_1_559' title='bbox 1791 2892 1907 2924; x_wconf 82' lang='lat' dir='ltr'>accad.</span> <span class='ocrx_word' id='word_1_560' title='bbox 1933 2892 1986 2924; x_wconf 89' lang='lat' dir='ltr'>dei</span> <span class='ocrx_word' id='word_1_561' title='bbox 2008 2893 2126 2925; x_wconf 84' lang='lat' dir='ltr'>Lincei</span> 
     </span>
     <span class='ocr_line' id='line_1_47' title="bbox 195 2927 2124 2976; baseline 0.005 -16"><span class='ocrx_word' id='word_1_562' title='bbox 195 2927 228 2960; x_wconf 89' lang='lat' dir='ltr'>S.</span> <span class='ocrx_word' id='word_1_563' title='bbox 246 2929 295 2960; x_wconf 88' lang='lat' dir='ltr'><strong>IV</strong></span> <span class='ocrx_word' id='word_1_564' title='bbox 318 2929 482 2962; x_wconf 86' lang='lat' dir='ltr'>Memorie</span> <span class='ocrx_word' id='word_1_565' title='bbox 506 2931 580 2962; x_wconf 92' lang='lat' dir='ltr'>Vol.</span> <span class='ocrx_word' id='word_1_566' title='bbox 598 2932 656 2971; x_wconf 88' lang='lat' dir='ltr'>VI,</span> <span class='ocrx_word' id='word_1_567' title='bbox 674 2930 758 2969; x_wconf 72' lang='lat'>2883</span> <span class='ocrx_word' id='word_1_568' title='bbox 791 2933 926 2964; x_wconf 82' lang='lat' dir='ltr'>Patetta</span> <span class='ocrx_word' id='word_1_569' title='bbox 951 2933 1024 2965; x_wconf 81' lang='lat' dir='ltr'>AG.</span> <span class='ocrx_word' id='word_1_570' title='bbox 1050 2934 1189 2973; x_wconf 86' lang='lat' dir='ltr'><strong>XLVII,</strong></span> <span class='ocrx_word' id='word_1_571' title='bbox 1207 2933 1248 2966; x_wconf 82' lang='lat'>31</span> <span class='ocrx_word' id='word_1_572' title='bbox 1265 2945 1330 2976; x_wconf 86' lang='lat' dir='ltr'>sq.;</span> <span class='ocrx_word' id='word_1_573' title='bbox 1364 2936 1451 2968; x_wconf 87' lang='lat' dir='ltr'>idem</span> <span class='ocrx_word' id='word_1_574' title='bbox 1482 2937 1557 2968; x_wconf 80' lang='lat' dir='ltr'>Riv.</span> <span class='ocrx_word' id='word_1_575' title='bbox 1578 2937 1615 2967; x_wconf 89' lang='lat' dir='ltr'>It.</span> <span class='ocrx_word' id='word_1_576' title='bbox 1634 2936 1713 2976; x_wconf 84' lang='lat' dir='ltr'><strong>XII,</strong></span> <span class='ocrx_word' id='word_1_577' title='bbox 1734 2935 1820 2975; x_wconf 77' lang='lat'>3163</span> <span class='ocrx_word' id='word_1_578' title='bbox 1854 2939 1956 2970; x_wconf 85' lang='lat' dir='ltr'>Besta</span> <span class='ocrx_word' id='word_1_579' title='bbox 1987 2939 2023 2969; x_wconf 88' lang='lat' dir='ltr'>in</span> <span class='ocrx_word' id='word_1_580' title='bbox 2050 2939 2124 2970; x_wconf 80' lang='lat' dir='ltr'>Riv.</span> 
     </span>
     <span class='ocr_line' id='line_1_48' title="bbox 194 2974 454 3014; baseline 0.008 -8"><span class='ocrx_word' id='word_1_581' title='bbox 194 2975 235 3006; x_wconf 86' lang='lat' dir='ltr'>lt.</span> <span class='ocrx_word' id='word_1_582' title='bbox 252 2974 381 3014; x_wconf 81' lang='lat' dir='ltr'>XXXI,</span> <span class='ocrx_word' id='word_1_583' title='bbox 399 2974 454 3008; x_wconf 85' lang='lat'>59.</span> 
     </span>
    </p>
   </div>
   <div class='ocr_carea' id='block_1_10' title="bbox 313 3030 1955 3131">
    <p class='ocr_par' dir='ltr' id='par_1_10' title="bbox 313 3030 1955 3131">
     <span class='ocr_line' id='line_1_49' title="bbox 314 3030 1955 3079; baseline 0.005 -15"><span class='ocrx_word' id='word_1_584' title='bbox 314 3030 342 3074; x_wconf 87' lang='lat'>²)</span> <span class='ocrx_word' id='word_1_585' title='bbox 367 3033 420 3065; x_wconf 83' lang='lat' dir='ltr'>ed.</span> <span class='ocrx_word' id='word_1_586' title='bbox 446 3033 592 3067; x_wconf 88' lang='lat' dir='ltr'>Bluhme</span> <span class='ocrx_word' id='word_1_587' title='bbox 616 3035 651 3066; x_wconf 89' lang='lat' dir='ltr'>in</span> <span class='ocrx_word' id='word_1_588' title='bbox 676 3036 722 3066; x_wconf 81' lang='lat' dir='ltr'>M.</span> <span class='ocrx_word' id='word_1_589' title='bbox 741 3036 781 3068; x_wconf 87' lang='lat' dir='ltr'>G.</span> <span class='ocrx_word' id='word_1_590' title='bbox 799 3035 868 3067; x_wconf 90' lang='lat' dir='ltr'>LL.</span> <span class='ocrx_word' id='word_1_591' title='bbox 892 3036 950 3075; x_wconf 86' lang='lat' dir='ltr'>IV,</span> <span class='ocrx_word' id='word_1_592' title='bbox 965 3034 1032 3068; x_wconf 81' lang='lat'>655</span> <span class='ocrx_word' id='word_1_593' title='bbox 1058 3036 1097 3067; x_wconf 89' lang='lat' dir='ltr'>N.</span> <span class='ocrx_word' id='word_1_594' title='bbox 1116 3035 1177 3074; x_wconf 74' lang='lat'>93,</span> <span class='ocrx_word' id='word_1_595' title='bbox 1204 3038 1263 3068; x_wconf 89' lang='lat' dir='ltr'>cfr.</span> <span class='ocrx_word' id='word_1_596' title='bbox 1290 3037 1417 3070; x_wconf 87' lang='lat' dir='ltr'>Conrat</span> <span class='ocrx_word' id='word_1_597' title='bbox 1444 3039 1466 3079; x_wconf 88' lang='lat'>1,</span> <span class='ocrx_word' id='word_1_598' title='bbox 1489 3036 1555 3070; x_wconf 78' lang='lat'>394</span> <span class='ocrx_word' id='word_1_599' title='bbox 1571 3038 1598 3077; x_wconf 92' lang='lat'>¹;</span> <span class='ocrx_word' id='word_1_600' title='bbox 1626 3040 1758 3072; x_wconf 84' lang='lat' dir='ltr'>Patetta</span> <span class='ocrx_word' id='word_1_601' title='bbox 1783 3040 1804 3071; x_wconf 95' lang='lat' dir='ltr'>l.</span> <span class='ocrx_word' id='word_1_602' title='bbox 1823 3051 1852 3073; x_wconf 89' lang='grc'>0.</span> <span class='ocrx_word' id='word_1_603' title='bbox 1879 3039 1955 3072; x_wconf 77' lang='lat'>45¹.</span> 
     </span>
     <span class='ocr_line' id='line_1_50' title="bbox 313 3089 979 3131; baseline 0.003 -8"><span class='ocrx_word' id='word_1_604' title='bbox 313 3089 340 3130; x_wconf 79' lang='lat'>³)</span> <span class='ocrx_word' id='word_1_605' title='bbox 366 3090 492 3124; x_wconf 84' lang='lat' dir='ltr'>Conrat</span> <span class='ocrx_word' id='word_1_606' title='bbox 515 3092 541 3131; x_wconf 89' lang='grc' dir='ltr'>Ι,</span> <span class='ocrx_word' id='word_1_607' title='bbox 559 3090 642 3130; x_wconf 71' lang='lat'>47³;</span> <span class='ocrx_word' id='word_1_608' title='bbox 668 3093 805 3125; x_wconf 80' lang='lat' dir='ltr'>Patetta</span> <span class='ocrx_word' id='word_1_609' title='bbox 830 3093 851 3125; x_wconf 92' lang='lat' dir='ltr'>l.</span> <span class='ocrx_word' id='word_1_610' title='bbox 870 3104 898 3125; x_wconf 89' lang='grc'>0.</span> <span class='ocrx_word' id='word_1_611' title='bbox 925 3091 979 3125; x_wconf 73' lang='lat'>29.</span> 
     </span>
    </p>
   </div>
   <div class='ocr_carea' id='block_1_11' title="bbox 314 3146 1596 3192">
    <p class='ocr_par' dir='ltr' id='par_1_11' title="bbox 314 3146 1596 3192">
     <span class='ocr_line' id='line_1_51' title="bbox 314 3146 1596 3192; baseline 0.005 -12"><span class='ocrx_word' id='word_1_612' title='bbox 314 3146 343 3189; x_wconf 75' lang='lat'>⁴)</span> <span class='ocrx_word' id='word_1_613' title='bbox 368 3148 495 3181; x_wconf 87' lang='lat' dir='ltr'>Azouis</span> <span class='ocrx_word' id='word_1_614' title='bbox 519 3149 563 3181; x_wconf 88' lang='lat' dir='ltr'>ad</span> <span class='ocrx_word' id='word_1_615' title='bbox 587 3149 741 3192; x_wconf 79' lang='lat' dir='ltr'>singulos</span> <span class='ocrx_word' id='word_1_616' title='bbox 765 3151 834 3182; x_wconf 95' lang='lat' dir='ltr'>LL.</span> <span class='ocrx_word' id='word_1_617' title='bbox 859 3151 927 3182; x_wconf 88' lang='lat' dir='ltr'>XII</span> <span class='ocrx_word' id='word_1_618' title='bbox 951 3150 1027 3182; x_wconf 84' lang='lat' dir='ltr'>libr.</span> <span class='ocrx_word' id='word_1_619' title='bbox 1045 3150 1220 3183; x_wconf 83' lang='lat' dir='ltr'>cod.1ust.</span> <span class='ocrx_word' id='word_1_620' title='bbox 1246 3153 1508 3185; x_wconf 83' lang='lat' dir='ltr'>commentarius</span> <span class='ocrx_word' id='word_1_621' title='bbox 1534 3158 1596 3186; x_wconf 83' lang='lat' dir='ltr'>etc.</span> 
     </span>
    </p>
   </div>
   <div class='ocr_carea' id='block_1_12' title="bbox 193 3204 2125 3285">
    <p class='ocr_par' dir='ltr' id='par_1_12' title="bbox 193 3204 2125 3285">
     <span class='ocr_line' id='line_1_52' title="bbox 193 3204 2125 3285; baseline 0.004 -48"><span class='ocrx_word' id='word_1_622' title='bbox 193 3250 224 3282; x_wconf 80' lang='grc' dir='ltr'><strong>Τ</strong></span> <span class='ocrx_word' id='word_1_623' title='bbox 264 3204 522 3285; x_wconf 47' lang='grc' dir='ltr'>ἀγῆοῗζεινέδῦν,</span> <span class='ocrx_word' id='word_1_624' title='bbox 540 3205 561 3239; x_wconf 86' lang='grc'><strong>3</strong></span> <span class='ocrx_word' id='word_1_625' title='bbox 575 3218 641 3249; x_wconf 88' lang='lat' dir='ltr'>sq.;</span> <span class='ocrx_word' id='word_1_626' title='bbox 666 3208 809 3249; x_wconf 90' lang='lat' dir='ltr'>Deuifle,</span> <span class='ocrx_word' id='word_1_627' title='bbox 836 3209 900 3257; x_wconf 80' lang='lat' dir='ltr'>Die</span> <span class='ocrx_word' id='word_1_628' title='bbox 917 3208 1172 3241; x_wconf 75' lang='lat' dir='ltr'>Universitaten</span> <span class='ocrx_word' id='word_1_629' title='bbox 1196 3209 1254 3241; x_wconf 87' lang='lat' dir='ltr'>des</span> <span class='ocrx_word' id='word_1_630' title='bbox 1271 3210 1487 3242; x_wconf 79' lang='lat' dir='ltr'>Mittelalters</span> <span class='ocrx_word' id='word_1_631' title='bbox 1513 3211 1565 3243; x_wconf 85' lang='lat' dir='ltr'>bis</span> <span class='ocrx_word' id='word_1_632' title='bbox 1588 3209 1675 3244; x_wconf 81' lang='lat'>1400</span> <span class='ocrx_word' id='word_1_633' title='bbox 1700 3214 1724 3252; x_wconf 75' lang='grc' dir='ltr'>Ι,</span> <span class='ocrx_word' id='word_1_634' title='bbox 1743 3211 1827 3253; x_wconf 82' lang='grc'>346;</span> <span class='ocrx_word' id='word_1_635' title='bbox 1853 3213 1980 3246; x_wconf 82' lang='lat' dir='ltr'>Com-at</span> <span class='ocrx_word' id='word_1_636' title='bbox 2002 3214 2027 3254; x_wconf 89' lang='grc' dir='ltr'>Ι,</span> <span class='ocrx_word' id='word_1_637' title='bbox 2041 3211 2125 3254; x_wconf 59' lang='grc' dir='ltr'><strong>471ς</strong></span> 
     </span>
     <span class='ocr_line' id='line_1_53' title="bbox 224 3259 503 3285; baseline 0.011 -3"><span class='ocrx_word' id='word_1_638' title='bbox 224 3259 263 3283; x_wconf 84' lang='grc'>31·</span> <span class='ocrx_word' id='word_1_639' title='bbox 287 3262 298 3283; x_wconf 86' lang='grc'>1</span> <span class='ocrx_word' id='word_1_640' title='bbox 400 3276 408 3284; x_wconf 94' lang='grc'><strong>.</strong></span> <span class='ocrx_word' id='word_1_641' title='bbox 495 3278 503 3285; x_wconf 94' lang='grc'><strong>.</strong></span> 
     </span>
    </p>
   </div>
   <div class='ocr_carea' id='block_1_13' title="bbox 311 3298 1724 3416">
    <p class='ocr_par' dir='ltr' id='par_1_13' title="bbox 311 3298 1724 3416">
     <span class='ocr_line' id='line_1_54' title="bbox 311 3298 669 3352; baseline 0.006 -9"><span class='ocrx_word' id='word_1_642' title='bbox 311 3308 340 3351; x_wconf 84' lang='lat'>⁸)</span> <span class='ocrx_word' id='word_1_643' title='bbox 365 3310 464 3343; x_wconf 81' lang='lat' dir='ltr'>Sav.²</span> <span class='ocrx_word' id='word_1_644' title='bbox 487 3312 547 3352; x_wconf 81' lang='grc' dir='ltr'><strong>ΙΙΙ,</strong></span> <span class='ocrx_word' id='word_1_645' title='bbox 565 3309 643 3345; x_wconf 82' lang='lat'>505.</span> <span class='ocrx_word' id='word_1_646' title='bbox 666 3298 669 3301; x_wconf 38' lang='lat'><strong><em>¹</em></strong></span> 
     </span>
     <span class='ocr_line' id='line_1_55' title="bbox 311 3367 1724 3416; baseline 0.004 -16"><span class='ocrx_word' id='word_1_647' title='bbox 311 3367 340 3411; x_wconf 87' lang='lat'>⁷)</span> <span class='ocrx_word' id='word_1_648' title='bbox 364 3369 405 3401; x_wconf 88' lang='lat' dir='ltr'>In</span> <span class='ocrx_word' id='word_1_649' title='bbox 429 3369 482 3401; x_wconf 86' lang='lat' dir='ltr'>his</span> <span class='ocrx_word' id='word_1_650' title='bbox 506 3369 696 3413; x_wconf 87' lang='lat' dir='ltr'>Prolegom.</span> <span class='ocrx_word' id='word_1_651' title='bbox 722 3371 845 3405; x_wconf 89' lang='lat' dir='ltr'><strong>LXIV.</strong></span> <span class='ocrx_word' id='word_1_652' title='bbox 893 3371 961 3405; x_wconf 88' lang='lat' dir='ltr'>Cfr.</span> <span class='ocrx_word' id='word_1_653' title='bbox 988 3372 1114 3406; x_wconf 86' lang='lat' dir='ltr'>Conrat</span> <span class='ocrx_word' id='word_1_654' title='bbox 1138 3372 1164 3412; x_wconf 93' lang='lat'>1,</span> <span class='ocrx_word' id='word_1_655' title='bbox 1183 3370 1226 3404; x_wconf 88' lang='lat'>19</span> <span class='ocrx_word' id='word_1_656' title='bbox 1240 3383 1288 3416; x_wconf 79' lang='lat' dir='ltr'>sq,</span> <span class='ocrx_word' id='word_1_657' title='bbox 1306 3370 1392 3414; x_wconf 74' lang='lat'><strong>48²3</strong></span> <span class='ocrx_word' id='word_1_658' title='bbox 1419 3374 1553 3407; x_wconf 84' lang='lat' dir='ltr'>I&#39;atetta</span> <span class='ocrx_word' id='word_1_659' title='bbox 1576 3373 1598 3406; x_wconf 93' lang='lat' dir='ltr'>l.</span> <span class='ocrx_word' id='word_1_660' title='bbox 1617 3385 1644 3407; x_wconf 89' lang='lat' dir='ltr'>c.</span> <span class='ocrx_word' id='word_1_661' title='bbox 1671 3373 1724 3408; x_wconf 81' lang='lat'>21.</span> 
     </span>
    </p>
   </div>
   <div class='ocr_carea' id='block_1_14' title="bbox 2198 507 2415 587">
    <p class='ocr_par' dir='ltr' id='par_1_14' title="bbox 2198 507 2415 587">
     <span class='ocr_line' id='line_1_56' title="bbox 2198 507 2415 540; baseline 0 -1"><span class='ocrx_word' id='word_1_662' title='bbox 2198 507 2415 540; x_wconf 65' lang='lat' dir='ltr'>Glossarium</span> 
     </span>
     <span class='ocr_line' id='line_1_57' title="bbox 2228 553 2385 587; baseline 0.013 -2"><span class='ocrx_word' id='word_1_663' title='bbox 2228 553 2385 587; x_wconf 71' lang='lat' dir='ltr'>C&#39;avense.</span> 
     </span>
    </p>
   </div>
   <div class='ocr_carea' id='block_1_15' title="bbox 2174 692 2446 818">
    <p class='ocr_par' dir='ltr' id='par_1_15' title="bbox 2174 692 2446 818">
     <span class='ocr_line' id='line_1_58' title="bbox 2177 692 2445 724; baseline 0 0"><span class='ocrx_word' id='word_1_664' title='bbox 2177 692 2314 724; x_wconf 75' lang='lat' dir='ltr'>Codices</span> <span class='ocrx_word' id='word_1_665' title='bbox 2337 692 2445 724; x_wconf 71' lang='lat' dir='ltr'>Pisto-</span> 
     </span>
     <span class='ocr_line' id='line_1_59' title="bbox 2174 738 2446 771; baseline 0 -1"><span class='ocrx_word' id='word_1_666' title='bbox 2174 739 2282 771; x_wconf 69' lang='lat' dir='ltr'>remis</span> <span class='ocrx_word' id='word_1_667' title='bbox 2299 744 2330 771; x_wconf 86' lang='lat' dir='ltr'>et</span> <span class='ocrx_word' id='word_1_668' title='bbox 2342 738 2446 771; x_wconf 76' lang='lat' dir='ltr'>Pari-</span> 
     </span>
     <span class='ocr_line' id='line_1_60' title="bbox 2204 785 2416 818; baseline 0.009 -2"><span class='ocrx_word' id='word_1_669' title='bbox 2204 785 2298 817; x_wconf 78' lang='lat' dir='ltr'>sinus</span> <span class='ocrx_word' id='word_1_670' title='bbox 2323 788 2416 818; x_wconf 76' lang='lat'><strong><em>4516.</em></strong></span> 
     </span>
    </p>
   </div>
   <div class='ocr_carea' id='block_1_16' title="bbox 2202 994 2424 1120">
    <p class='ocr_par' dir='ltr' id='par_1_16' title="bbox 2202 994 2424 1120">
     <span class='ocr_line' id='line_1_61' title="bbox 2254 994 2367 1027; baseline -0.009 0"><span class='ocrx_word' id='word_1_671' title='bbox 2254 994 2367 1027; x_wconf 74' lang='lat' dir='ltr'>Codeae</span> 
     </span>
     <span class='ocr_line' id='line_1_62' title="bbox 2202 1041 2424 1073; baseline 0.005 -1"><span class='ocrx_word' id='word_1_672' title='bbox 2202 1041 2424 1073; x_wconf 66' lang='lat' dir='ltr'>Tam-issensis</span> 
     </span>
     <span class='ocr_line' id='line_1_63' title="bbox 2235 1088 2384 1120; baseline 0 0"><span class='ocrx_word' id='word_1_673' title='bbox 2235 1088 2292 1120; x_wconf 78' lang='lat' dir='ltr'>lat.</span> <span class='ocrx_word' id='word_1_674' title='bbox 2311 1089 2384 1120; x_wconf 76' lang='lat'><em>392.</em></span> 
     </span>
    </p>
   </div>
   <div class='ocr_carea' id='block_1_17' title="bbox 2168 1871 2445 1997">
    <p class='ocr_par' dir='ltr' id='par_1_17' title="bbox 2168 1871 2445 1997">
     <span class='ocr_line' id='line_1_64' title="bbox 2168 1871 2445 1904; baseline 0 0"><span class='ocrx_word' id='word_1_675' title='bbox 2168 1871 2388 1904; x_wconf 62' lang='lat' dir='ltr'>Breviarium</span> <span class='ocrx_word' id='word_1_676' title='bbox 2414 1877 2445 1904; x_wconf 76' lang='lat' dir='ltr'>et</span> 
     </span>
     <span class='ocr_line' id='line_1_65' title="bbox 2183 1918 2426 1951; baseline 0 -1"><span class='ocrx_word' id='word_1_677' title='bbox 2183 1918 2426 1951; x_wconf 56' lang='lat' dir='ltr'>Bononiense&amp;</span> 
     </span>
     <span class='ocr_line' id='line_1_66' title="bbox 2267 1965 2351 1997; baseline 0.012 -1"><span class='ocrx_word' id='word_1_678' title='bbox 2267 1965 2351 1997; x_wconf 73' lang='lat' dir='ltr'>Azo.</span> 
     </span>
    </p>
   </div>
   <div class='ocr_carea' id='block_1_18' title="bbox 2169 2104 2364 2136">
    <p class='ocr_par' dir='ltr' id='par_1_18' title="bbox 2169 2104 2364 2136">
     <span class='ocr_line' id='line_1_67' title="bbox 2169 2104 2364 2136; baseline 0 -1"><span class='ocrx_word' id='word_1_679' title='bbox 2169 2104 2364 2136; x_wconf 71' lang='lat' dir='ltr'>Accursius.</span> 
     </span>
    </p>
   </div>
   <div class='ocr_carea' id='block_1_19' title="bbox 2178 2287 2431 2367">
    <p class='ocr_par' dir='ltr' id='par_1_19' title="bbox 2178 2287 2431 2367">
     <span class='ocr_line' id='line_1_68' title="bbox 2195 2287 2414 2320; baseline 0.005 -1"><span class='ocrx_word' id='word_1_680' title='bbox 2195 2287 2414 2320; x_wconf 73' lang='lat' dir='ltr'>Collectiones</span> 
     </span>
     <span class='ocr_line' id='line_1_69' title="bbox 2178 2334 2431 2367; baseline 0 -1"><span class='ocrx_word' id='word_1_681' title='bbox 2178 2334 2431 2367; x_wconf 76' lang='lat' dir='ltr'>ecclesiasticae.</span> 
     </span>
    </p>
   </div>
   <div class='ocr_carea' id='block_1_20' title="bbox 2167 2403 2461 2482">
    <p class='ocr_par' dir='ltr' id='par_1_20' title="bbox 2167 2403 2461 2482">
     <span class='ocr_line' id='line_1_70' title="bbox 2230 2403 2389 2445; baseline 0.006 -10"><span class='ocrx_word' id='word_1_682' title='bbox 2230 2403 2389 2445; x_wconf 75' lang='lat' dir='ltr'>Epistola</span> 
     </span>
     <span class='ocr_line' id='line_1_71' title="bbox 2167 2449 2461 2482; baseline 0.003 -1"><span class='ocrx_word' id='word_1_683' title='bbox 2167 2449 2335 2482; x_wconf 74' lang='lat' dir='ltr'>Iohannis</span> <span class='ocrx_word' id='word_1_684' title='bbox 2358 2450 2461 2482; x_wconf 87' lang='lat' dir='ltr'><strong>VIII.</strong></span> 
     </span>
    </p>
   </div>
   <div class='ocr_carea' id='block_1_21' title="bbox 2177 2519 2420 2561">
    <p class='ocr_par' dir='ltr' id='par_1_21' title="bbox 2177 2519 2420 2561">
     <span class='ocr_line' id='line_1_72' title="bbox 2177 2519 2420 2561; baseline 0 -10"><span class='ocrx_word' id='word_1_685' title='bbox 2177 2519 2363 2561; x_wconf 69' lang='lat' dir='ltr'>Grcqorz&#39;us</span> <span class='ocrx_word' id='word_1_686' title='bbox 2389 2520 2420 2551; x_wconf 93' lang='lat' dir='ltr'><strong>I.</strong></span> 
     </span>
    </p>
   </div>
  </div>
 </body>
</html>
