2501 3615
991 152 1034 157 .-
1084 127 1272 163 LXXXIII
1322 147 1366 153 -

326 233 462 270 Prioris
492 232 630 269 ordinis
661 232 829 268 auctaria
863 237 1060 280 postquam
1091 235 1173 280 ipsa
1205 233 1399 269 ediderunt
1430 230 1631 267 Hacnelius
1664 229 1777 272 (brev,
1804 240 1837 273 p.
1856 226 2064 270 452—455)
2097 226 2134 261 et
2161 225 2343 270 Appendix
2357 223 2458 277 prior

212 294 358 330 adiecto
377 293 475 329 iusto
495 295 683 339 apparatu
701 293 956 339 separatisque
982 292 1253 339 appendicibus
1271 291 1414 326 duabus
1433 290 1640 335 Krucgcrus
1657 287 1754 331 (coll.
1774 285 1855 322 libr.
1874 285 1939 320 inr.
1958 284 2132 320 anteiust.
2197 279 2226 308 θ(
2244 278 2415 316 1²⁰⁸‘07‘107'

213 352 284 388 vol.
303 353 324 387 3
350 351 466 397 [1890]
493 364 528 397 p.
547 352 769 390 esf—263).
802 352 845 387 de
872 351 916 386 iis
942 352 1010 386 hoc
1036 351 1117 387 Ioco
1147 362 1268 396 pauca
1293 349 1493 390 sufficient,
1520 360 1562 383 eo
1588 346 1722 393 magis,
1749 345 1847 390 quod
1871 355 1942 380 non
1968 342 2132 378 Theodo-

211 409 355 446 sianum
387 409 506 445 solum
542 410 737 455 supplent.
769 410 832 445 sed
863 410 953 446 item
983 409 1246 455 Gregorianum
1280 411 1317 444 ct
1348 407 1683 453 Herinogenianum
1713 410 1751 442 et
1784 405 1891 441 Pauli
1922 403 2134 440 sententias.

212 466 450 513 Appendices
467 467 558 502 duas
579 467 795 503 coniunctas
817 467 995 503 exhibent
1018 467 1105 503 libri
1124 467 1194 502 duo
1212 466 1469 512 Eporcdiensis
1486 466 1530 500 35
1547 465 1652 501 nobis
1671 465 1710 500 E
1731 468 1827 508 (culn
1848 464 1931 499 inde
1950 463 2134 509 descripto

213 524 380 560 Parisino
404 524 496 560 4406
526 526 549 559 f.
575 524 739 568 53—55)
771 528 809 561 et
845 525 881 560 111
913 526 983 560 hac
1020 528 1118 561 certe
1150 527 1257 570 parte
1294 524 1504 559 simillimus
1536 524 1569 560 ei
1602 522 1848 560 Berolinensis
1879 522 1959 558 Lat.
1983 522 2045 557 fol.
2069 522 2137 557 270

212 582 312 619 foliis
340 582 392 618 12.
414 583 466 617 13.
488 583 527 617 11
555 581 620 623 (sic
647 582 881 627 ordinandis),
907 585 1031 618 noster
1055 583 1101 617 F.
1143 583 1183 617 In
1209 582 1266 617 his
1292 584 1375 627 post
1401 581 1623 617 breviarium
1649 581 1750 616 nullo
1776 580 1974 616 intervallo
1999 579 2137 625 legitur

213 640 374 687 primum
408 640 597 686 appendix
630 641 826 686 posterior,
864 641 923 676 cui
956 640 1217 676 subscribitur:
1253 641 1343 683 cxpl.
1369 640 1426 675 lib.
1452 639 1542 673 iuris
1572 639 1737 681 feliciam
1773 638 1903 674 deinde
1938 637 2037 683 Drior
2068 638 2135 671 sub

213 697 445 744 praescripto
470 700 641 744 corrupto
667 699 844 733 ¹institutio
864 697 1094 742 Greyma'ani5
1120 697 1364 732 subscribitur
1389 697 1425 731 in
1442 696 1679 742 Eporediensi
1701 694 1960 739 (Berolinensis
1984 694 2137 729 mutilus

212 756 282 800 est)
307 754 449 799 explicit
481 755 566 790 {Iber
594 755 783 790 Theodosii
807 759 838 790 et
862 755 1090 790 novellarum.
1139 754 1373 800 Separandus
1405 754 1488 790 inde
1523 756 1579 789 est
1611 752 1932 789 commentariolus
1966 752 2009 787 de
2041 752 2137 787 trina

212 813 439 849 concentiom:
461 814 519 858 (ἐξ
540 814 674 848 11-14
698 813 893 857 Krueger)‚
920 823 1029 856 quenl
1054 811 1255 856 separatim
1287 811 1464 847 exhibent
1495 810 1638 845 codices
1663 810 1917 856 Lugdunensis
1935 809 2135 844 Vossianus

213 872 334 916 quart.
345 871 390 906 47
404 873 442 906 et
455 870 614 906 Parisini
633 871 704 906 duo
717 871 808 906 4406
820 870 857 913 (f.
870 870 923 910 57,
940 868 1023 905 vide
1043 881 1155 914 supra
1173 881 1209 914 p.
1223 868 1424 911 LXXVIII)
1439 871 1473 903 et
1489 868 1579 903 4410
1593 867 1782 910 (adiuncto
1800 868 1888 903 folio
1906 868 1989 903 inde
2010 867 2137 903 evulso

213 928 328 964 Paris.
340 929 432 966 4406
449 930 473 964 f.
490 928 546 972 68)
563 927 754 972 ediditque
781 927 878 963 inter
895 927 1072 962 formulas
1091 926 1204 962 medii
1227 925 1310 961 aevi
1329 926 1480 961 Zeuiner
1497 925 1590 969 (MG.
1605 926 1707 960 t'orin.
1726 937 1760 970 p.
1775 926 1841 960 5:34
1861 938 1890 960 0.
1904 926 1952 969 3).
1989 925 2136 969 Appen-

213 986 277 1022 dix
311 986 494 1032 posterior
529 985 622 1021 alibi
657 997 728 1020 non
764 984 968 1025 invenitur3
1003 984 1103 1029 prior
1134 983 1312 1029 Kruegeri
1346 983 1529 1028 reperitur
1560 983 1640 1017 sola
1673 982 1709 1017 in
1742 982 1931 1017 codicibus
1963 981 2136 1026 quinque,

214 1043 335 1090 plenis
359 1046 553 1088 quattuor,
584 1042 764 1078 Parisinis
795 1042 938 1078 duobus
961 1042 1052 1077 4403
1079 1044 1216 1085 (nostro
1234 1042 1280 1085 L)
1314 1043 1352 1077 et
1384 1052 1486 1076 noctu.
1511 1052 1582 1084 aeq.
1604 1040 1690 1075 1634
1721 1042 1846 1083 (antea
1871 1038 2137 1079 Aurelianensi,

214 1103 340 1137 nostro
357 1101 420 1145 K).
439 1100 776 1146 Montispessulano
793 1100 848 1142 84,
866 1099 1048 1135 Vaticano
1064 1099 1316 1135 Ottoboniano
1331 1099 1431 1140 2225,
1451 1098 1541 1134 item
1560 1098 1595 1133 iu
1615 1097 1744 1142 quinto
1763 1097 1948 1142 epitomae
1966 1095 2138 1131 Monachi

214 1169 310 1203 quae
328 1156 467 1194 dicitur
479 1157 648 1193 Parisino
659 1158 766 1198 4419;
786 1156 922 1192 habuit
941 1168 1021 1191 eam
1039 1156 1129 1192 item
1144 1156 1363 1191 Hinc-marus
1378 1154 1567 1191 Remensis
1585 1156 1634 1200 (p.
1650 1154 1860 1198 LXXXIX).
1875 1175 1918 1179 —
1934 1155 1974 1188 In
1988 1153 2138 1189 Montis-

215 1215 413 1262 pessulano
445 1218 531 1260 post
555 1214 754 1261 Papiniani
785 1215 908 1250 locum
931 1213 1115 1250 Brevi-arii
1149 1216 1351 1249 extremum
1383 1216 1420 1248 et>
1445 1212 1727 1248 constitutiones
1752 1210 1969 1257 Gregoriani
2001 1210 2138 1246 codicis

215 1274 395 1318 quattuor
415 1273 449 1317 4,
463 1273 494 1308 2.
521 1274 552 1314 5,
568 1274 599 1307 1.
628 1273 724 1314 10,1.
754 1272 805 1314 12,
820 1272 841 1306 2
860 1272 919 1315 (cf.
939 1272 1105 1318 Krueger
1129 1272 1196 1306 1.0.
1223 1284 1258 1316 p.
1273 1272 1355 1315 249)
1382 1273 1420 1307 et
1444 1270 1619 1306 breviarii
1645 1268 1953 1314 subscriptionem
1977 1269 2064 1313 eaepl.
2082 1269 2138 1303 lib.

214 1330 309 1365 iuris
331 1330 483 1373 feliciter
507 1329 698 1376 appendix
722 1330 815 1365 haec
840 1329 979 1375 legitur
1004 1332 1082 1364 tam
1114 1328 1191 1364 sine
1223 1328 1454 1374 praescripto
1481 1340 1592 1372 quam
1617 1327 1694 1363 sine
1720 1325 2001 1371 subscriptione.
2051 1325 2138 1361 Con-

217 1387 385 1424 sentiunt
404 1387 678 1424 Ottobonianus
703 1390 741 1423 et
766 1386 1053 1428 Aurelianensis,
1079 1385 1151 1421 nisi
1176 1386 1274 1431 quod
1299 1386 1346 1421 ab
1372 1385 1431 1420 his
1456 1386 1591 1421 absunt
1620 1383 1905 1420 constitutiones
1923 1383 2139 1429 Gregoriani

217 1447 396 1490 quattuor
426 1447 464 1481 et
495 1446 595 1491 quod
627 1446 665 1480 in
695 1445 773 1481 Ott.
807 1444 1054 1480 subscribit-ur
1083 1443 1307 1489 simpliciter
1336 1444 1424 1488 expl.
1473 1443 1603 1487 Neque
1635 1441 1746 1477 aliter
1777 1441 1923 1477 videtur
1954 1440 2139 1486 appendix

217 1503 312 1539 haec
335 1502 478 1549 scripta
502 1502 614 1539 fuisse
640 1502 678 1538 in
703 1502 871 1538 Parisino
896 1502 1002 1543 4403,
1037 1501 1102 1537 ubi
1136 1501 1234 1537 foliis
1268 1504 1346 1537 tam
1377 1512 1419 1536 eo
1445 1501 1542 1545 quod
1567 1499 1816 1545 praecedebat
1841 1510 1951 1543 quani
1977 1510 2018 1533 eo
2043 1498 2140 1542 quod

216 1561 445 1606 sequebatur
465 1560 671 1607 deperditis
694 1560 883 1606 appendix
905 1559 999 1595 haec
1023 1559 1209 1604 utrimque
1228 1558 1361 1594 mutila
1380 1562 1435 1594 est
1456 1559 1504 1603 (p.
1524 1558 1718 1600 LXXVII).
1756 1555 1949 1602 Epitomae
1968 1553 2140 1590 Monachi

218 1617 333 1653 codex
357 1617 472 1653 Paris
489 1618 580 1653 4419
605 1617 702 1654 inter
726 1618 847 1663 ipsam
878 1617 1066 1663 epitomen
1099 1619 1136 1653 et
1169 1616 1414 1662 appendicem
1439 1616 1534 1651 hanc
1560 1614 1763 1660 interponit
1789 1615 1904 1658 caput
1929 1612 1970 1646 dc
1992 1612 2140 1646 meretri-

216 1674 314 1710 cibus
338 1678 369 1710 et
392 1675 589 1717 infamibus
619 1675 784 1719 (dabitur
808 1674 904 1710 infra
937 1675 1002 1710 ubi
1030 1674 1192 1720 epitome
1218 1686 1262 1709 ea
1286 1675 1508 1717 recensetru)
1535 1674 1573 1709 ct
1603 1671 1947 1717 interpretationem
1973 1669 2141 1705 novellae

219 1731 419 1768 Theodosii
437 1733 479 1768 15
503 1732 544 1767 de
567 1732 762 1767 curialibus
779 1732 888 1777 (nulli
904 1760 911 1766 .
932 1760 939 1768 .
959 1760 966 1767 .
983 1732 1204 1776 subiturum)
1230 1733 1267 1767 et
1292 1730 1493 1766 subscribit
1518 1729 1732 1775 appendici:
1760 1728 1896 1773 explicit
1920 1727 2005 1761 liber
2029 1728 2142 1771 layum

218 1791 476 1826 Rornanorum.
495 1811 538 1816 —
557 1790 658 1826 Inter
675 1789 902 1835 exemplaria
922 1789 1150 1835 Appendicis
1171 1801 1265 1834 quae
1289 1789 1467 1824 habemus
1494 1788 1637 1833 optima
1661 1789 1748 1822 sunt
1765 1786 2139 1831 Montispessulanum

219 1849 259 1884 et
275 1848 567 1884 Ottobonianum
593 1850 631 1884 et
656 1850 840 1892 quatenus
865 1847 1035 1893 pervenit
1053 1847 1097 1888 L,
1124 1847 1308 1883 deteriora
1327 1846 1448 1881 EFK
1469 1845 1584 1881 Paris.
1597 1846 1697 1880 4419.
1716 1865 1758 1870 —
1782 1844 1980 1881 Continent
2005 1854 2140 1888 appen-

218 1905 320 1942 dices
350 1906 445 1942 duae
475 1906 577 1942 locos
608 1906 765 1942 selectos
797 1917 841 1942 ex
872 1905 1004 1941 iisdem
1038 1904 1144 1940 libris
1169 1917 1260 1949 quos
1291 1903 1541 1939 adhibuerunt
1566 1903 1678 1949 periti
1705 1902 1925 1943 Alariciani3
1957 1913 2001 1936 ex
2026 1900 2141 1935 Theo-

219 1963 373 2000 dosiano
399 1965 570 2009 sumptae
596 1966 697 2006 sunt,
725 1975 768 1999 ex
794 1966 902 2008 parte
929 1962 1086 1998 adiectis
1111 1961 1271 1998 numeris
1295 1961 1382 1996 libri
1408 1960 1596 2006 titulique,
1622 1960 1658 1995 in
1684 1959 1890 2006 appendice
1916 1958 2035 2004 priore
2061 1970 2141 1993 con-

219 2021 436 2058 stitutiones
467 2021 604 2062 1,2,11
637 2041 680 2046 -
715 2021 788 2063 1,2,
806 2021 847 2055 12
877 2040 923 2045 -—
955 2020 1112 2062 1,16,12
1145 2040 1185 2044 -
1220 2019 1317 2061 1,22,
1332 2019 1353 2053 3
1385 2039 1428 2043 -
1461 2018 1590 2060 1‚34,1
1624 2038 1668 2043 ——
1697 2018 1830 2059 4,16,1
1867 2036 1906 2042 —-
1936 2016 2069 2057 4,17,1
2098 2035 2141 2040 —-

219 2078 357 2123 4,17,2
382 2099 425 2104 -
448 2079 481 2121 4,
498 2079 550 2120 17,
563 2079 600 2124 4,
633 2078 671 2113 111
701 2077 909 2124 appendice
941 2076 1142 2123 posteriore
1173 2077 1308 2119 2,18,2
1343 2096 1382 2101 -
1413 2076 1546 2117 4,18,1
1574 2096 1618 2100 -
1650 2076 1749 2118 6,27,
1769 2076 1810 2111 10
1837 2095 1880 2099 -
1907 2074 2072 2115 10,13,1.
2099 2092 2141 2097 -

221 2136 514 2173 Constitutiones
539 2136 578 2171 in
602 2136 850 2182 appendicem
875 2135 1035 2181 priorem
1061 2137 1230 2180 receptas
1256 2133 1394 2180 primus
1419 2133 1536 2169 edidit
1555 2132 1726 2168 Cuiacius
1752 2144 1783 2166 a.
1804 2132 1900 2172 1566,
1927 2132 2079 2165 fortasse
2098 2142 2141 2164 cx

220 2193 317 2230 libro
333 2193 688 2240 Montispessulano;
714 2205 759 2230 ex
783 2195 902 2230 altera
921 2192 1226 2229 constitutionem
1243 2193 1274 2233 2,
1292 2192 1343 2232 18,
1358 2192 1378 2226 2
1397 2191 1574 2235 (reliquas
1598 2190 1746 2225 aliunde
1764 2189 1975 2224 habuerunt
1992 2187 2143 2232 priores)

221 2251 362 2298 primus
390 2251 510 2288 edidit
534 2251 783 2288 Gothofredus
813 2264 900 2287 usus
931 2250 1116 2296 excerptis
1143 2248 1360 2284 Pithoeanis
1392 2261 1434 2284 ex
1461 2248 1627 2284 Parisino
1652 2247 1752 2283 4406.
1801 2247 2034 2292 Apparatum
2059 2243 2142 2280 dedi

221 2309 270 2345 ad
294 2308 440 2346 codices
463 2321 576 2355 supra
600 2309 800 2346 recensitos
829 2321 963 2345 omnes

337 2446 687 2483 Additamentorum
712 2447 760 2482 ad
783 2446 1016 2483 Breviarium
1041 2446 1270 2482 adiectorum
1294 2457 1337 2481 ex
1363 2443 1618 2480 Theodosi-ano
1643 2443 1786 2488 integro
1813 2442 1908 2477 alter
1937 2441 2023 2476 ordo
2049 2452 2142 2474 com-

223 2504 404 2550 plectitur
426 2504 593 2541 rubricas
618 2505 949 2541 constitutionesve
974 2504 1048 2550 ipsi
1074 2503 1218 2549 corpori
1233 2502 1418 2539 Breviarii
1442 2502 1609 2537 insertas.
1650 2501 1897 2537 Recensentur
1922 2510 1986 2534 cae
2012 2498 2048 2533 in
2074 2498 2141 2532 hoc

223 2562 349 2609 capite
375 2563 424 2598 ad
447 2562 613 2598 ordinem
631 2563 878 2599 Theodosiani
905 2574 977 2598 non
1002 2562 1159 2599 exclusis
1184 2560 1372 2602 insiticiis;
1398 2560 1429 2594 si
1455 2559 1518 2604 qui
1543 2559 1655 2595 codex
1681 2558 1788 2604 plura
1813 2557 1891 2593 eius
1915 2555 2058 2603 generis
2083 2556 2142 2590 ad-

223 2621 433 2656 ditamenta
457 2620 621 2663 exhibet,
647 2621 695 2656 ad
722 2620 882 2666 primum
908 2632 1031 2656 corum
1058 2619 1180 2655 omnia
1205 2620 1424 2654 tractantur.
1471 2616 1708 2652 Invenientur
1732 2615 1768 2650 in
1794 2615 1862 2649 hoc
1887 2625 2036 2649 recensu
2063 2624 2143 2647 con-

221 2678 437 2715 stitutiones
469 2690 610 2721 omneS,
642 2690 735 2723 quas
767 2677 944 2714 exhibent
978 2677 1079 2723 pleni
1105 2676 1288 2712 Breviarii
1312 2675 1399 2711 libri
1423 2687 1495 2710 non
1520 2686 1659 2714 omnes,
1693 2684 1757 2708 eae
1783 2683 1943 2717 quoque,
1974 2681 2067 2715 quae
2093 2669 2142 2703 in-

223 2739 388 2773 structae
412 2739 498 2772 sunt
523 2735 833 2782 interpretatione
858 2737 961 2771 facta
987 2737 1034 2771 ad
1058 2736 1212 2771 formam
1230 2733 1498 2773 Alaricianani;
1525 2730 1762 2772 dubitationi,
1788 2732 1909 2764 utrum
1936 2740 1999 2763 cae
2026 2727 2143 2773 magis

224 2806 268 2830 ex
302 2797 410 2840 parte
446 2793 614 2830 codicum
645 2793 867 2836 exciderint,
901 2793 938 2828 in
970 2793 1153 2830 breviario
1186 2793 1308 2828 locum
1340 2803 1416 2827 esse
1450 2802 1561 2835 supra
1590 2788 1806 2834 negavimus
1837 2787 1946 2831 idque
1978 2785 2071 2820 infra
2096 2785 2143 2820 ad

224 2851 390 2897 singulas
416 2851 704 2887 confirmabitur.

339 2934 366 2968 1.
398 2931 553 2968 GESTA
577 2932 630 2966 IN
656 2932 865 2974 SENATV;
892 2932 968 2967 ΤΗ.
989 2934 1017 2974 1,
1039 2932 1159 2967 1-16.
2162 2912 2243 2969 ki}
2269 2943 2350 2969 1—16

338 3001 604 3039 Ambrosianus
635 3002 673 3037 C.
697 3002 740 3038 29
758 3002 838 3044 inf.‚
873 3001 979 3038 nobis
1003 3002 1039 3035 A
1071 3000 1228 3043 (Haenel
1253 2999 1425 3042 5:20),
1460 3000 1606 3043 praeter
1638 2996 1714 3031 alia
1746 3008 1768 3031 a
1801 2995 2027 3041 glutinatore
2061 3006 2142 3028 cum
2191 2990 2223 3023 Α

224 3059 327 3096 111300
352 3059 487 3096 nostris
513 3059 710 3096 coniuncta
736 3059 895 3103 (scilicet
914 3057 1100 3094 Ciceronis
1125 3058 1168 3093 de
1195 3056 1324 3091 officiis
1349 3055 1462 3090 libros
1487 3058 1525 3091 et
1550 3054 1693 3089 scholia
1717 3053 1753 3088 in
1773 3053 1935 3089 eiusdem
1960 3050 2145 3087 orationes

224 3117 263 3152 in
289 3117 507 3159 Catilinam,
532 3129 599 3163 pro
625 3117 818 3159 Marcello,
845 3116 1010 3162 Ligario,
1036 3115 1210 3151 Deiotaro
1245 3126 1286 3148 ex
1320 3113 1388 3148 hoc
1415 3111 1540 3147 codice
1574 3112 1620 3146 ab
1652 3112 1692 3145 A.
1718 3109 1815 3145 Maio
1847 3109 1883 3144 in
1915 3109 2034 3144 lucem
2065 3119 2144 3153 pro-

227 3176 351 3210 tracta
374 3175 430 3210 ed.
457 3174 568 3210 Orell.
595 3174 666 3209 vol.
685 3175 705 3208 5
730 3176 826 3219 part.
844 3175 864 3208 2
889 3186 924 3219 p.
943 3174 1008 3208 369
1024 3174 1112 3216 seq.)
1138 3174 1300 3207 extremo
1334 3170 1414 3205 loco
1445 3169 1610 3204 continet
1639 3168 1674 3202 in
1702 3166 2006 3212 quaternionibus
2030 3165 2145 3201 binio-

225 3231 382 3267 nibusve
415 3230 586 3267 undecim
620 3231 839 3272 numeratis,
876 3230 1024 3275 scriptis
1059 3230 1105 3264 ab
1139 3229 1267 3264 eadem
1301 3239 1413 3262 manu
1447 3238 1541 3261 saec.
1567 3227 1642 3261 fere
1674 3226 1723 3259 XI
1760 3224 1881 3269 perita
1915 3226 1953 3259 et
1986 3223 2144 3268 pulchra

226 3288 429 3334 (specimen
459 3290 517 3324 est
548 3289 649 3334 apud
681 3288 873 3333 Clossium)
907 3286 1164 3322 Institutiones
1191 3284 1386 3321 Iustiniani
1418 3286 1490 3328 (qu.
1511 3283 1646 3318 I—VH
1679 3285 1716 3318 ct
1744 3281 1845 3317 binio
1863 3282 1970 3322 VIII;
2008 3280 2143 3315 subscr.

225 3346 366 3391 caplicit
389 3345 473 3382 liber
494 3349 647 3391 quartus
670 3346 955 3389 institutionum5
981 3346 1116 3381 vacant
1141 3342 1271 3379 deinde
1298 3341 1457 3388 paginae
1483 3341 1590 3385 duae)
1617 3344 1654 3377 et
1680 3343 1822 3388 partem
1848 3339 2005 3385 primam
2022 3337 2145 3374 Brevi-
