2501 3615
857 799 1053 842 oAPvT
1087 799 1392 841 OCTAVVM.

773 919 1016 973 CRISIS
1068 920 1474 973 LIBRORVM.

589 1076 621 1117 I.
661 1074 829 1117 VITIA
865 1074 1214 1117 ARCHETYPI
1252 1074 1672 1116 THEODOSIANI.

282 1167 374 1202 Iuris
394 1167 593 1213 prudentes
612 1165 1032 1211 Constantinopolitani,
1051 1165 1115 1211 qui
1134 1178 1200 1211 per
1217 1178 1249 1201 a.
1262 1167 1378 1201 435-
1390 1166 1459 1202 438
1478 1165 1775 1211 Theodosianum
1803 1165 1967 1200 codicem
1994 1177 2088 1200 com-

168 1224 394 1270 pilaverunt,
426 1235 498 1259 uno
529 1227 628 1259 certe
659 1224 741 1259 loco
767 1234 917 1268 operam
949 1235 1022 1258 non
1052 1223 1302 1259 absolverunt.
1352 1223 1578 1258 Constitutio
1605 1222 1750 1257 scilicet
1779 1222 1865 1257 libri
1899 1223 2001 1258 tertii
2033 1235 2089 1258 ex-

167 1284 302 1323 trema,
328 1281 478 1326 qualem
503 1293 584 1317 eam
609 1283 648 1316 et
676 1281 790 1316 codex
815 1281 1015 1326 rescriptus
1038 1281 1069 1315 T
1090 1281 1267 1326 proponit
1292 1284 1330 1317 et
1354 1281 1525 1327 legerunt
1551 1280 1759 1321 Iustiniani,
1786 1283 1825 1315 et
1850 1280 2089 1325 inscriptione

167 1339 288 1374 caruit
312 1341 351 1374 et
376 1338 686 1384 subscriptionem
706 1338 870 1374 ostendit
887 1338 1144 1384 imperfectam
1168 1338 1302 1383 spatiis
1321 1337 1449 1373 vacuis
1473 1338 1614 1373 relictis
1640 1338 1687 1373 ad
1710 1337 1924 1382 recipienda
1943 1337 2090 1372 nomina

166 1399 204 1432 et
227 1407 406 1431 numeros.
456 1395 499 1431 Id
530 1398 653 1431 utrum
678 1395 857 1442 religione
884 1396 1040 1431 fecerint
1065 1396 1326 1441 compilatores
1351 1396 1488 1430 notitia
1516 1395 1615 1430 iusta
1641 1395 1813 1431 destituti
1839 1407 1885 1430 an
1912 1407 2006 1439 quae
2034 1395 2091 1430 de-

166 1452 318 1489 ficerent
350 1452 460 1488 obliti
493 1453 567 1488 sint
600 1453 813 1489 coniectura
846 1453 995 1498 explere
1028 1453 1303 1498 interpolando,
1337 1453 1501 1488 dubitari
1536 1455 1677 1497 potest;
1714 1452 1807 1486 mihi
1842 1452 1933 1488 haec
1967 1452 2091 1497 opinio

166 1509 287 1556 magis
311 1510 505 1555 probatur,
537 1521 620 1545 cum
651 1522 852 1555 numquam
878 1510 916 1545 iu
941 1510 1198 1546 Theodosiano
1222 1510 1430 1556 reperiatur
1455 1509 1493 1544 in
1518 1509 1744 1556 Gregoriano
1769 1510 1980 1553 frequenter
2010 1510 2091 1545 loco

168 1566 453 1613 subscriptionis
475 1567 648 1603 adhibita
664 1568 824 1603 formula
848 1568 923 1603 sine
946 1567 1002 1602 die
1026 1571 1057 1602 et
1082 1568 1225 1602 consule
1249 1570 1287 1602 et
1313 1567 1645 1612 interpolationum
1671 1566 1917 1611 suspicionem
1945 1570 2092 1603 moveat

168 1622 339 1669 legitima
363 1623 481 1660 forma
506 1623 544 1659 in
570 1625 828 1661 Theodosiano
854 1637 926 1660 uno
951 1625 1021 1660 hoc
1047 1625 1128 1660 loco
1153 1627 1310 1670 excepto
1336 1636 1516 1669 nusquam
1541 1624 1724 1670 neglecta.

284 1691 365 1733 Qua
388 1692 458 1728 fide
484 1696 522 1728 et
547 1693 747 1740 diligentia
771 1694 970 1738 prudentes
995 1693 1054 1728 illi
1081 1704 1230 1738 operam
1256 1693 1327 1727 sibi
1353 1693 1569 1728 mandatam
1594 1692 1828 1738 perfecerint,
1857 1692 2094 1737 aliquatenus

168 1749 404 1796 intellegitur
428 1761 512 1785 cum
539 1750 686 1786 collatis
704 1750 978 1796 exemplaribus
998 1750 1306 1786 constitutionum
1333 1750 1380 1785 ab
1406 1750 1451 1785 iis
1476 1753 1709 1795 receptarum
1735 1749 1828 1785 alibi
1852 1753 2092 1793 servatarum,

172 1817 265 1851 quas
289 1818 364 1842 non
389 1807 529 1844 multas
554 1820 705 1845 numero
731 1820 843 1854 supra
868 1821 903 1854 p.
922 1808 1026 1843 XXX
1051 1808 1361 1850 enumeravimus,
1387 1810 1467 1843 tum
1492 1819 1632 1850 earum,
1661 1819 1753 1852 quas
1779 1807 1934 1842 consilio
1960 1819 2094 1844 casuve

170 1863 312 1899 duobus
337 1864 554 1910 pluribusve
579 1866 670 1901 locis
694 1866 839 1912 corpori
862 1866 1106 1907 inseruerunt,
1132 1877 1288 1910 quarum
1313 1876 1517 1911 paucarum
1541 1868 1579 1901 et
1604 1865 1769 1910 ipsarum
1794 1865 1986 1900 elenchum
2013 1866 2094 1900 sub-

170 1921 284 1966 ieci-¹)
338 1921 676 1968 Deprehenduntur
707 1923 763 1959 ita
794 1935 933 1960 errores
964 1924 1132 1968 quidam,
1168 1935 1259 1968 quos
1293 1923 1488 1968 probabile
1522 1924 1579 1958 est
1611 1922 1658 1958 ad
1693 1922 1814 1968 ipsum
1847 1922 2094 1958 Theodosiani

169 1979 416 2026 archetypum
439 1980 570 2016 redire.

240 2054 271 2096 5,
289 2055 320 2096 7,
334 2055 366 2099 2,
381 2055 401 2089 7
471 2067 517 2091 ne
542 2055 707 2102 ingentis
731 2055 859 2091 damni
883 2053 986 2090 Sirm.
1005 2061 1033 2098 1,
1060 2066 1105 2090 ne
1131 2054 1278 2098 quando
1304 2053 1403 2089 enim
1428 2052 1554 2088 damni
1580 2052 1666 2087 brev.
1686 2052 1775 2088 Iust.

219 2113 272 2154 16,
285 2111 317 2154 2,
332 2112 423 2155 35‚6
471 2115 598 2150 tenore
623 2112 734 2149 huius
758 2112 854 2159 legis
876 2112 982 2148 Sirm.
1001 2117 1036 2156 2,
1070 2112 1180 2147 huius
1204 2110 1298 2157 legis
1324 2112 1404 2154 (om.
1430 2112 1570 2154 tenore)
1602 2110 1631 2144 V
1653 2113 1683 2144 et
1708 2110 1797 2144 brev.
1824 2111 1981 2154 (praeter
2005 2111 2096 2147 duos

517 2170 621 2206 libros
640 2170 717 2206 ΟΥ
735 2171 966 2216 interpolatos
991 2180 1035 2205 eoe
1059 2169 1249 2214 eoeemplari
1270 2169 1408 2213 integro
1432 2168 1583 2213 sylloqae
1608 2167 1895 2212 Sirmondiame)

219 2227 271 2269 16,
285 2227 316 2270 2,
330 2227 385 2270 36,
404 2228 445 2264 17
469 2227 686 2275 ignoscendi
711 2228 828 2264 solam
853 2228 956 2263 Sa'rm.
977 2229 1028 2269 14,
1056 2226 1271 2274 ignoscendi
1297 2226 1366 2261 soli
1395 2225 1546 2269 VEYO,
1575 2225 1789 2271 ignoscendi
1816 2225 1904 2260 Just.

219 2285 272 2328 16,
286 2285 318 2327 2,
333 2285 388 2329 39,
402 2284 424 2320 3
472 2286 676 2330 professum
702 2298 829 2322 sacrae
853 2285 1045 2332 religionis
1070 2284 1287 2329 obsequium
1312 2283 1415 2319 θέο-ιη.
1435 2284 1466 2325 9,
1493 2283 1710 2327 obsequium
1733 2293 1796 2317 om.
1820 2282 1855 2318 V
1875 2287 1907 2318 et
1931 2283 2018 2320 brer.

172 2369 244 2407 Sed
275 2370 456 2408 eiusmodi
486 2372 629 2408 mendis
663 2372 826 2408 librariis
857 2371 1079 2417 exemplaris
1110 2370 1307 2416 archetypi
1337 2369 1566 2415 imputandis
1598 2369 1706 2415 longe
1738 2368 1910 2414 graviora
1942 2371 2098 2414 peccata

172 2431 258 2464 sunt
289 2429 337 2464 ab
368 2429 460 2475 ipsis
490 2429 799 2475 compilatoribus
825 2429 1030 2465 commissa.
1079 2428 1111 2463 Ii
1138 2440 1221 2463 cum
1246 2427 1462 2463 iuberentur
1485 2438 1557 2462 non
1583 2426 1701 2460 solum
1728 2426 2012 2461 constitutiones
2037 2427 2098 2461 ad-

173 2485 246 2521 huc
279 2485 447 2533 vigentes
479 2487 660 2533 recipere,
695 2487 760 2523 sed
790 2487 906 2523 etiam
938 2489 1070 2532 postea
1101 2485 1319 2521 immutatas
1350 2485 1408 2520 vel
1439 2484 1601 2519 abolitas
1633 2483 1740 2527 (unde
1772 2483 1863 2518 mire
1893 2483 1985 2518 satis
2018 2495 2098 2518 eon-

174 2542 324 2579 stitutio
351 2544 404 2586 16,
416 2544 447 2587 2,
459 2545 503 2579 27
529 2556 756 2590 quamquam
780 2556 801 2580 a
825 2544 1029 2590 posteriore
1057 2543 1108 2585 16,
1124 2544 1155 2585 2,
1171 2543 1214 2578 28
1240 2543 1294 2578 ita
1321 2543 1507 2583 damnata,
1534 2544 1575 2576 ut
1599 2552 1644 2576 ne
1670 2540 1792 2575 notari
1818 2540 1967 2585 quidem
1992 2540 2099 2576 debe—

173 2603 240 2643 ret,
268 2603 307 2637 et
331 2601 415 2647 ipsa.
441 2601 585 2647 corpori
611 2602 751 2638 inserta
777 2605 866 2646 est),
898 2601 1140 2637 nihilominus
1167 2603 1292 2636 autem
1317 2600 1425 2634 simul
1451 2599 1497 2634 iis
1522 2598 1775 2639 mandaretur,
1808 2602 1849 2633 ut
1879 2608 1950 2632 non
1982 2599 2099 2633 solum

175 2658 377 2694 secundum
399 2659 532 2695 titulos
556 2662 727 2705 receptos
745 2660 870 2695 omnia
887 2660 1153 2695 distribuerent
1177 2663 1215 2694 et
1240 2657 1390 2692 inutilia
1416 2668 1534 2701 neque
1559 2655 1606 2690 ad
1628 2655 1685 2690 ius
1710 2655 1938 2700 pertinentia
1962 2667 2099 2691 reseca-

174 2717 274 2757 rent,
300 2715 365 2751 sed
389 2715 503 2751 etiam
528 2717 695 2761 ambigua
720 2716 943 2752 demutarent
968 2719 1006 2752 et
1029 2717 1227 2760 inemzyrua
1253 2714 1475 2749 emendarent
1493 2713 1544 2757 (C.
1564 2713 1631 2747 Th.
1654 2713 1680 2753 l,
1698 2714 1726 2753 1,
1741 2713 1781 2752 6;
1807 2712 1897 2747 item
1922 2713 1960 2746 in
1986 2711 2101 2758 gestis

271 2845 297 2887 Ι)
339 2843 451 2887 1,2,9
511 2844 739 2885 =11‚1,20
1392 2842 1503 2882 8,8,1
1578 2839 1805 2881 =11,7,1o

337 2889 416 2933 2,8,
432 2888 475 2923 18
511 2904 554 2919 =
603 2889 715 2932 8,8,3
741 2904 782 2917 ==
810 2889 908 2933 11,7,
925 2889 968 2923 13
1393 2886 1552 2930 9‚40‚16
1578 2885 1826 2927 =11,30,57

336 2935 370 2978 2,
383 2934 415 2977 8,
428 2935 474 2970 26
510 2949 550 2965 =
601 2935 634 2976 8,
648 2936 715 2975 8,8
1393 2933 1424 2973 9,
1439 2932 1494 2972 42,
1510 2931 1550 2965 17
1578 2946 1620 2960 =
1647 2932 1700 2970 10,
1717 2929 1769 2973 10,
1783 2930 1827 2963 23

337 2980 473 3024 2,19‚‘1
510 2996 553 3010 =
601 2981 715 3023 4‚4,7
1375 2977 1527 3020 10,1,11
1578 2992 1620 3005 Ξ
1647 2976 1804 3018 12,6,14

338 3026 451 3070 3,7,2
511 3041 554 3056 =
602 3027 717 3070 9,7,5
1373 3023 1551 3065 11‚39,11
1578 3021 1780 3063 =16,7‚4

338 3071 473 3115 3,30,2
511 3087 553 3101 =
601 3073 737 3115 8‚12,1
1372 3068 1531 3109 12,1‚50
1579 3083 1620 3096 =
1648 3067 1782 3110 13‚1,4

339 3118 492 3161 6,35,14
512 3133 555 3147 =
581 3118 762 3162 12,1,184
1373 3115 1470 3157 12,1,
1488 3113 1554 3148 140
1579 3128 1620 3142 =
1648 3113 1745 3153 12,1‚
1763 3112 1828 3146 148

340 3163 453 3207 7,6,1
514 3178 558 3192 =
584 3164 718 3208 12,6,4
1372 3160 1424 3201 12,
1442 3159 1550 3200 1,157
1578 3174 1620 3188 =
1647 3157 1827 3200 12‚1‚158

340 3209 478 3252 7,22,4
515 3224 557 3238 =
584 3209 797 3252 12,1,35(·.2)
1375 3206 1507 3248 16,1‚4
1578 3219 1619 3233 =
1647 3206 1700 3246 16,
1714 3203 1780 3246 4,1

340 3254 475 3298 7,22‚7
514 3270 556 3284 =
605 3254 796 3298 7‚22,9(=e)
824 3269 866 3282 =
894 3254 945 3296 12,
961 3253 1101 3297 2830)
1374 3251 1527 3294 16,5‚31
1577 3265 1618 3278 =
1646 3250 1699 3292 16,
1714 3248 1805 3291 5‚32

341 3300 453 3346 8,2,1
515 3316 558 3330 =
584 3300 739 3342 12,1,31
1373 3296 1527 3339 16‚5,51
1579 3310 1621 3324 =
1648 3294 1804 3338 16‚5,56

341 3347 478 3391 8,4,3ο
513 3361 556 3375 =
582 3345 763 3390 12,1,188
780 3347 823 3389 (1)
1373 3343 1426 3383 16,
1440 3344 1470 3383 5,
1485 3341 1529 3376 62
1578 3356 1620 3369 =
1647 3341 1700 3381 16,
1713 3341 1745 3383 5,
1759 3340 1802 3374 64
1820 3341 1861 3384 (2)
