2485 3615
1202 152 1470 190 —CCL—
2423 88 2478 223 ⁸

366 264 615 310 pessumdatus.
643 283 687 288 —-
711 265 857 307 Valens,
883 264 923 298 de
949 275 1015 306 quo
1041 263 1120 296 item
1146 267 1262 295 tacent
1287 266 1462 302 auctores,
1497 262 1686 294 secundum
1711 262 1980 306 subscriptiones
2005 260 2301 305 Constantinopoli

365 325 537 367 profectus
570 324 635 356 fuit
667 323 731 355 Iul.
752 321 794 354 13
819 323 996 364 Ancyrae,
1031 321 1123 353 unde
1157 321 1253 353 venit
1283 320 1502 352 Antiochiam
1538 320 1654 362 ibique
1687 321 1802 363 exegit
1836 321 1980 353 hiemem
2014 331 2045 353 a.
2070 319 2173 363 37112
2207 318 2301 362 (Am-

365 382 499 414 mianus
525 379 580 421 29,
597 380 627 423 1,
644 379 693 423 4).

296 483 361 517 371
608 482 643 516 k.
662 482 737 516 Ian.
991 506 1239 515 ........
1472 478 1645 523 Ampelio
1670 483 1719 522 pfl
1747 479 1915 524 [Romae]
2029 480 2186 521 15,10,1

296 552 362 586 371
608 550 711 584 XVII
740 549 774 584 k.
793 549 897 584 Febr.
988 547 1314 593 Constantinopoli
1472 547 1641 583 Modesto
1658 552 1727 591 ppo
1747 546 1936 592 [Orientis]
2027 548 2080 590 13,
2098 548 2150 589 10,
2166 547 2185 581 7

297 621 363 655 371
608 620 667 655 III
690 618 738 653 id.
758 618 863 653 Febr.
990 615 1317 661 Constantinopoli
1473 616 1641 651 Modesto
1660 621 1730 660 ppo
1750 615 1942 661 [Orientis]
2029 617 2082 660 13,
2096 617 2128 659 5,
2144 617 2187 651 14

297 689 362 723 371
383 688 478 732 [367]
607 688 663 722 III
687 686 736 721 id.
755 686 860 722 Febr.
992 685 1154 721 Treviris
1476 684 1653 720 Viventio
1677 690 1725 729 pfl
1752 685 1922 730 [Romae]
2030 686 2083 727 15,
2100 686 2129 727 7,
2147 687 2163 719 1

297 758 362 792 371
610 756 643 790 k.
662 756 778 791 Mart.
995 754 1321 799 Constantinopoli
1476 754 1646 789 Modesto
1662 759 1731 798 ppo
1751 752 1939 798 [Orientis]
2028 773 2071 778 —-
2098 753 2152 795 12,
2169 754 2198 796 1,
2213 753 2258 787 74

297 827 362 860 371
609 824 679 859 VII
705 823 754 859 id.
773 825 861 869 Apr.
992 822 1317 868 Constantinopoli
1474 822 1643 857 Modesto
1660 827 1729 866 ppo
1751 821 1939 868 [Orientis]
2029 822 2045 869 ¹0
2065 823 2117 864 11,
2131 822 2187 864 21,
2204 823 2222 856 1

296 895 362 928 371
606 892 701 938 prid.
720 892 767 928 id.
786 893 874 938 Apr.
987 919 1236 928 ........
1471 890 1589 926 Felici
1616 891 1801 927 consulari
2022 891 2111 927 Iust.
2132 892 2164 933 6,
2180 891 2211 934 1,
2226 891 2246 925 7
2266 890 2314 936 [L
2326 890 2425 938 Hat]
2473 887 2477 919 ἶ

300 963 366 998 371
609 962 696 997 XVI
722 962 855 998 k.1un.
993 988 1239 998 ........
1472 960 1646 1006 Ampelio
1672 966 1720 1005 psi
1747 960 1913 1006 [Romae]
2033 961 2086 1003 16,
2101 961 2132 1003 2,
2147 960 2190 995 21
2474 971 2485 1016 :1

296 1033 363 1066 371
609 1031 717 1066 x1111
741 1032 830 1076 (1111
847 1032 886 1076 1)
993 1031 1154 1067 Treviris
1477 1030 1625 1066 senatui
2055 1031 2083 1065 1
2112 1031 2143 1073 9,
2159 1030 2212 1072 16,
2227 1030 2248 1064 9
2473 1018 2477 1031 '

653 1089 783 1126 k.1un.
2031 1088 2082 1123 II
2109 1088 2142 1131 9,
2155 1088 2209 1131 38,
2223 1089 2245 1124 5

297 1158 363 1192 371
608 1159 680 1193 IIII
704 1158 738 1193 k.
758 1158 825 1194 Iul.
992 1158 1154 1194 Treviris
1477 1157 1655 1193 Viventio
1672 1162 1741 1202 ppo
1758 1157 1992 1203 [Galliarum]
2033 1158 2086 1200 12,
2103 1159 2133 1200 1,
2148 1158 2192 1193 75

301 1228 367 1262 371
612 1228 685 1263 IIII
708 1228 744 1263 k.
763 1228 830 1262 Iul.
995 1227 1157 1263 Treviris
1478 1227 1679 1262 Filematio
1698 1239 1788 1262 com.
1804 1239 1829 1262 s.
1844 1227 1869 1263 1.
1885 1226 1998 1272 [Occ.]
2031 1227 2085 1270 10,
2101 1227 2156 1272 20,
2170 1228 2191 1263 5

297 1296 363 1330 371
607 1297 660 1331 III
685 1296 719 1331 k.
738 1297 806 1331 Iul.
989 1296 1209 1332 Contionaei
1473 1297 1594 1332 Probo
1619 1301 1688 1341 ppo
1715 1296 1878 1342 [Italiae]
2033 1297 2064 1341 9,
2079 1296 2110 1339 3,
2125 1297 2147 1332 5

297 1364 364 1399 371
609 1366 679 1400 IIII
704 1365 753 1400 id.
772 1366 840 1401 Iul.
992 1365 1210 1401 Contionaci
1479 1365 1668 1401 Crescenti
1686 1365 1826 1402 vicario
1841 1365 1990 1402 Africae
2034 1367 2087 1408 11,
2103 1366 2134 1408 1,
2150 1365 2191 1400 17

297 1434 363 1468 371
609 1435 662 1469 III
686 1434 734 1470 id.
753 1435 822 1470 Iul.
989 1435 1160 1480 Ancyrae
1474 1435 1643 1471 Modesto
1660 1441 1730 1480 ppo
1750 1435 1941 1481 [Orientis]
2031 1436 2086 1478 12,
2103 1436 2132 1477 1,
2147 1436 2192 1471 76
2471 1455 2475 1460 -

298 1503 363 1538 371
607 1504 661 1539 III
686 1503 735 1539 id.
754 1504 822 1539 Iul.
991 1531 1240 1540 ........
1475 1503 1595 1540 Probo
1620 1509 1689 1549 ppo
1715 1504 1882 1551 [Italiae]
2029 1504 2120 1540 Iust.
2133 1505 2164 1548 6,
2175 1505 2205 1547 3,
2217 1505 2259 1540 13
2271 1504 2439 1551 [Haz.]=
2470 1519 2478 1537 τ

2078 1564 2132 1606 11,
2146 1563 2201 1605 53,
2218 1564 2237 1598 1

298 1629 365 1664 371
610 1630 715 1665 XVII
740 1630 776 1665 k.
797 1631 889 1677 Aug.
992 1659 1244 1667 ........
1476 1632 1625 1669 senatui
2032 1632 2063 1674 3,
2079 1632 2110 1675 7,
2126 1633 2144 1667 1

299 1699 364 1733 371
608 1700 680 1735 1111
705 1700 740 1735 k.
758 1700 852 1747 Aug.
991 1700 1210 1736 Contionaci
1474 1702 1648 1748 Ampelio
1675 1707 1723 1747 ᾗῇ
1750 1701 1916 1747 [Romae]
2031 1701 2063 1743 2,
2079 1701 2147 1742 4,3
2470 1739 2472 1741 ,

297 1769 364 1803 371
610 1768 681 1804 VII
705 1768 753 1804 id.
774 1771 868 1816 Aug.
992 1769 1212 1813 Cornionaqi
1237 1770 1305 1815 (sic
1326 1770 1370 1815 V)
1476 1771 1711 1817 Maxim[in]o
2030 1770 2120 1805 lust.
2135 1771 2166 1812 6,
2180 1770 2236 1812 22,
2249 1769 2268 1804 7
2284 1769 2334 1816 [V
2345 1769 2439 1816 Παλ]
2477 1781 2485 1803 i*

297 1837 364 1872 371
612 1838 718 1874 XVII
743 1839 778 1874 k.
798 1839 900 1885 Sept.
992 1839 1211 1875 Contionaci
1475 1839 1648 1886 Ampelio
1673 1845 1722 1885 pfl
1749 1839 1921 1886 [Romae]
2031 1840 2064 1882 4,
2078 1840 2110 1882 6,
2125 1839 2148 1874 4

297 1907 363 1941 371
609 1907 699 1943 VIII
725 1908 774 1943 id.
793 1909 893 1954 Sept.
990 1909 1221 1956 Mogontiaci
1475 1909 1621 1946 Iuliano
1640 1921 1807 1955 procons.
1821 1909 1970 1945 Africae
2035 1910 2088 1951 15,
2105 1909 2135 1952 7,
2150 1909 2172 1943 2

297 1974 363 2009 371
608 1976 698 2012 VIII
722 1976 771 2012 id.
790 1976 876 2013 Dec.
993 2004 1243 2014 ........
1476 1978 1650 2023 Ampelio
1676 1984 1724 2023 ᾗῇ
1749 1978 1919 2024 [Romae]
2032 1978 2194 2020 9,16,10

297 2043 364 2078 371
607 2046 661 2081 III
686 2045 735 2081 id.
754 2046 840 2082 Dec.
991 2047 1154 2083 Treviris
1476 2048 1650 2094 Ampelio
1676 2048 1738 2094 [ᾗῇ
1765 2048 1918 2094 Romae]
1963 2049 1967 2052 ’
2030 2048 2062 2090 8,
2077 2048 2109 2091 5,
2124 2047 2170 2083 32

1478 2118 1611 2155 Severo
1624 2130 1720 2165 mag.
1736 2117 1830 2158 mil.;
1849 2117 1984 2154 emissa

298 2170 362 2206 371
608 2172 641 2208 Χ
666 2173 702 2209 k.
720 2174 797 2210 Ian.
990 2202 1241 2211 ........
1516 2177 1564 2212 ad
1574 2176 1773 2223 magistros
1786 2176 1863 2210 mil.
1873 2178 1911 2211 et
1925 2187 1982 2211 co·
2033 2175 2066 2219 8,
2081 2174 2111 2217 7,
2127 2175 2168 2209 11

1516 2234 1627 2270 mites
1658 2237 1696 2271 et
1721 2234 1832 2270 duces
1858 2245 1983 2269 omnes

369 2359 451 2400 372
482 2358 763 2402 MODESTO
795 2360 871 2402 ΕΤ
903 2360 1258 2403 ARINTHAEO
1294 2359 1489 2404 CONSS.

482 2478 558 2510 Hoc
582 2489 672 2511 anno
698 2477 790 2520 (nam
817 2489 906 2521 quae
931 2479 1132 2512 Ammianus
1156 2484 1273 2512 narrat
1296 2479 1383 2512 libro
1408 2480 1576 2512 XXVIIII
1606 2484 1681 2522 post
1706 2490 1817 2522 pauca
1842 2479 1950 2512 verba
1980 2479 2021 2512 de
2046 2478 2262 2521 expeditione
2286 2487 2307 2511 a

368 2534 496 2578 Sapore
528 2536 563 2568 in
593 2546 624 2569 a.
641 2535 708 2569 371
740 2542 861 2580 parata
892 2548 1003 2580 neque
1033 2539 1186 2581 perfecta
1215 2538 1257 2570 ad
1288 2548 1320 2570 a.
1339 2536 1407 2570 372
1436 2538 1597 2570 videntur
1631 2537 1809 2570 referenda
1839 2535 1927 2579 esse)
1954 2536 2218 2570 Valentinianus
2248 2546 2307 2578 spe

368 2593 550 2626 frustratus
581 2594 750 2626 Macriani
781 2596 872 2638 regis
899 2595 1168 2627 Alamannorum
1201 2595 1358 2638 capiendi
1388 2599 1540 2627 maestus
1571 2594 1671 2627 rediit
1696 2594 1856 2627 Treviros
1888 2594 2104 2636 (Ammianus
2134 2591 2189 2636 29,
2207 2591 2238 2635 4,
2257 2591 2304 2635 6).

369 2651 495 2683 Eodem
526 2651 656 2684 ducunt
693 2653 960 2696 subscriptiones
996 2663 1106 2695 usque
1142 2653 1187 2686 ad
1223 2663 1373 2685 mensem
1405 2652 1568 2695 Aprilem.
1626 2654 1677 2685 De
1715 2657 1811 2695 parte
1847 2652 1930 2684 anni
1963 2652 2149 2695 posteriore
2186 2661 2307 2694 parum

368 2707 486 2750 liquet.
513 2727 557 2731 —
582 2709 784 2742 Poetovione
809 2721 887 2743 eum
911 2711 1017 2743 fuisse
1042 2711 1124 2743 Mai.
1145 2709 1186 2743 16
1212 2721 1290 2743 cum
1317 2711 1376 2742 vix
1400 2710 1578 2753 probabile
1604 2711 1661 2751 sit,
1688 2711 1830 2743 fortasse
1855 2710 1911 2742 hic
1935 2720 2074 2752 quoque
2098 2713 2138 2742 ut
2168 2709 2204 2742 in
2229 2708 2307 2741 aliis

369 2766 459 2799 datis
488 2767 531 2799 ad
553 2767 703 2800 Probum
729 2769 798 2812 ff
822 2769 1027 2812 subscriptio
1051 2769 1218 2801 trahenda
1243 2773 1294 2801 est
1318 2769 1363 2801 ad
1388 2769 1662 2811 propositionem.
1689 2785 1733 2790 --
1757 2767 1983 2800 Nasonacum
2007 2767 2088 2800 Mai.
2107 2765 2162 2800 30.
2187 2765 2253 2799 Iul.
2270 2765 2302 2800 5.

371 2825 458 2866 Aug.
482 2822 527 2856 22
557 2824 618 2857 ubi
648 2826 766 2867 fuerit,
799 2826 1005 2869 ignoramus.
1033 2844 1076 2849 —
1105 2825 1225 2858 Cilicia
1250 2828 1340 2869 Aug.
1364 2825 1408 2858 21
1440 2830 1647 2869 corruptum.
1676 2844 1718 2848 —
1745 2826 1897 2858 Treviris
1928 2827 2163 2869 imperatorem
2196 2825 2307 2858 hiber-

369 2892 469 2914 nasse
485 2882 670 2916 verisimile
687 2888 748 2925 est,
775 2895 981 2927 quamquam
1005 2884 1200 2917 testimonia
1225 2895 1301 2916 rara
1326 2888 1416 2917 sunt.
1443 2901 1486 2906 —
1511 2884 1692 2917 Valentem
1710 2883 1840 2916 bellum
1856 2888 2032 2926 parantem
2050 2887 2170 2916 cont-ra
2187 2884 2307 2916 Persas

369 2939 555 2982 Gregorius
580 2941 819 2974 Nazianzenus
845 2940 906 2982 (or.
924 2940 969 2974 43
994 2953 1024 2985 p.
1043 2940 1111 2975 808
1128 2942 1171 2982 C;
1204 2943 1247 2975 cf.
1273 2943 1404 2975 Sozom.
1430 2942 1464 2975 h.
1483 2953 1511 2975 e.
1538 2941 1569 2981 6,
1592 2940 1652 2983 16,
1679 2942 1818 2974 Clinton
1843 2942 1920 2975 fast.
1943 2942 2039 2974 Rom.
2060 2939 2077 2972 1
2104 2953 2135 2985 p.
2153 2939 2234 2983 479)
2259 2940 2308 2973 ait

369 2997 570 3030 Caesaream
594 2998 717 3031 iterum
746 3000 889 3039 (scilieet
913 3004 1093 3042 postquam
1126 3012 1164 3033 eo
1192 3001 1330 3033 advenit
1360 3011 1391 3033 a.
1413 2998 1494 3039 370)
1527 3000 1661 3033 venisse
1687 3000 1740 3032 die
1770 3001 1842 3032 Ian.
1860 2998 1900 3040 63
1932 2999 2199 3042 subscriptiones
2229 3008 2307 3031 eum

369 3054 537 3088 collocant
561 3056 736 3090 Seleuciae
761 3058 843 3100 Apr.
863 3056 894 3097 4,
921 3058 1125 3091 Antiochiae
1144 3058 1225 3101 Apr.
1242 3057 1298 3100 13,
1323 3059 1384 3090 ubi
1408 3058 1529 3091 deinde
1547 3058 1683 3091 videtur
1707 3057 1872 3089 resedisse
1891 3055 2105 3098 (Ammianus
2122 3055 2177 3098 29,
2190 3054 2222 3096 2,
2236 3053 2306 3098 21).

2482 2827 2485 2836 I
2467 2581 2485 2805 ‘dmm-...st
2481 2515 2485 2553 ,Α
2468 2438 2485 2483 5-

301 3165 368 3200 372
612 3166 680 3202 XV
705 3167 740 3202 k.
760 3168 868 3204 Mart.
992 3181 1056 3214 pp.
1084 3169 1223 3204 Romae
1477 3168 1597 3204 Probo
1622 3173 1691 3212 ppo
1718 3167 1885 3213 [Italiae]
2033 3168 2063 3210 7,
2078 3167 2169 3210 22,8

302 3233 369 3267 372
608 3235 698 3270 VIII
724 3237 757 3271 k.
777 3237 885 3272 Mart.
989 3237 1150 3273 Treviris
1478 3237 1650 3272 Ursicino
1675 3237 1790 3283 praef.
1809 3248 1976 3273 annonae
2033 3237 2086 3280 14,
2102 3237 2136 3280 3,
2149 3237 2193 3271 14
2483 3267 2485 3269 .

302 3301 369 3335 372
613 3303 683 3339 VII
708 3305 743 3339 k.
761 3305 870 3340 Mart.
994 3305 1156 3341 Treviris
1480 3305 1600 3341 Probo
1627 3306 1767 3342 vicario
1793 3306 1896 3341 urbis
2030 3306 2131 3348 12,1,
2147 3305 2190 3339 77
2217 3323 2259 3330 -
2461 3316 2485 3361 ιξ.

303 3368 370 3403 372
612 3374 687 3408 IIII
711 3373 745 3408 k.
764 3374 872 3409 Mart.
993 3374 1154 3410 Treviris
1479 3374 1668 3410 Crescenti
1682 3375 1824 3411 vicario
1835 3374 1982 3410 Africae
2032 3374 2048 3422 l>
2067 3375 2097 3418 1,
2116 3374 2167 3416 15,
2182 3373 2203 3407 6
