2485 3615
1158 156 1202 161 —
1250 134 1367 169 XLVI
1415 154 1458 159 —

349 258 461 280 unum
486 244 663 279 maiorem
688 242 727 277 in
753 254 835 277 eum
862 240 1082 276 translatum
1109 249 1186 273 esse
1213 249 1255 272 ex
1281 238 1496 282 archetypo,
1523 237 1764 281 quaternione
1791 237 1923 282 opinor
1948 236 2027 273 eius
2051 248 2123 272 uno
2149 237 2276 282 deper-

350 302 438 342 dito,
465 301 627 337 ostendit
645 300 742 344 quod
765 298 940 333 deficiunt
960 297 1040 341 ipso
1066 295 1160 329 libro
1178 294 1323 340 integro
1342 306 1436 338 quae
1461 293 1684 339 interposita
1708 297 1792 330 sunt
1810 293 1907 329 inter
1926 295 1977 335 16,
1991 296 2023 335 4,
2039 295 2069 335 6,
2085 294 2105 328 3
2122 304 2277 329 reveren-

350 360 565 393 tissimorum
592 360 629 393 et
657 358 708 397 16,
724 358 755 397 5,
772 357 823 390 15.
840 356 879 388 *2
904 354 1046 395 habere;
1075 352 1232 386 minores
1258 351 1409 395 quidam
1436 352 1492 393 (ut
1519 351 1709 392 12,1,101.
1739 350 1908 396 13,11‚2)
1934 353 2058 386 utrum
2082 363 2127 387 ex
2153 351 2277 386 arche-

351 421 442 463 typo
462 417 609 452 veniant
630 428 674 449 an
694 413 836 448 librarii
855 412 987 455 culpae
1007 409 1195 445 tribuendi
1220 408 1305 449 sint,
1331 420 1402 443 non
1422 408 1551 452 liquet.
1592 408 1818 443 Exciderunt
1836 409 2031 453 quaternio
2055 408 2132 444 sive
2157 408 2277 444 ternio

352 475 499 511 biniove
525 474 677 518 primus,
712 472 748 505 in
775 482 846 514 quo
872 468 1038 503 rubricas
1064 466 1291 512 perscriptas
1317 466 1427 501 fuisse
1456 465 1656 501 verisimile
1683 469 1753 506 est,
1784 478 1865 501 cum
1892 467 1970 511 ipse
1996 466 2091 502 liber
2114 479 2231 502 nonus
2257 478 2279 501 a

351 532 534 579 principio
567 531 710 575 integer
741 528 805 561 sit:
841 527 930 560 item
965 527 1066 568 quat.
1087 524 1185 558 LVII
1211 523 1301 558 folia
1333 524 1405 557 duo
1439 526 1602 558 extrema
1634 526 1671 558 et
1703 526 1804 567 quat.
1824 523 1942 558 LVIII
1973 526 2074 559 totus
2106 527 2143 560 et
2176 525 2278 568 quat.

351 590 488 624 LVIIII
522 587 610 623 folia
645 587 715 620 duo
749 584 883 629 prima,
916 583 953 616 in
987 582 1122 626 quibus
1156 581 1425 617 interciderunt
1456 580 1678 625 interposita
1710 580 1807 616 inter
1843 581 1895 622 16,
1910 582 1941 623 5,
1956 581 2009 623 66,
2024 583 2067 616 *4
2097 582 2210 624 faciat
2242 583 2280 616 et

354 649 405 688 16,
420 648 451 688 8,
469 646 533 687 1‚3
565 648 710 686 sectam,-
745 641 901 685 denique
933 638 1186 684 quaternionis
1222 638 1399 683 postremi
1430 637 1522 672 folia
1554 637 1786 673 continentia
1819 649 1913 682 quae
1945 638 2167 684 legebantur
2196 640 2282 684 post

354 706 405 745 16,
423 704 473 743 10,
491 703 541 741 12,
560 703 598 735 17
618 702 709 743 fisco.
737 720 780 723 —
805 697 1050 742 Transposita
1075 698 1160 731 sunt
1185 696 1276 730 fo]ia
1303 698 1481 739 quattuor
1499 695 1633 740 quibus
1660 695 1897 731 eontinentur
1923 696 1975 736 12,
1995 697 2024 738 1,
2041 696 2148 738 185,1
2175 696 2280 740 impp.

352 762 399 796 ad
427 761 477 801 12,
490 760 520 797 3,
536 760 566 799 2,
581 758 620 791 Σᾳ2
639 756 845 801 percipiam
870 755 979 790 hodie
1001 756 1193 790 numerata
1212 754 1290 788 209.
1309 753 1386 788 270.
1405 753 1481 787 271.
1498 754 1575 795 272,
1596 765 1679 789 vere
1698 753 1749 788 sic
1769 753 1996 788 numeranda
2012 753 2089 788 272.
2107 754 2185 788 269.
2203 753 2281 788 270.

352 820 428 853 271.
450 837 489 842 —-
509 815 676 861 Paginae
695 814 833 849 babent
853 814 1065 848 constanter
1081 823 1206 847 versus
1224 811 1266 846 ‘25
1287 810 1498 846 litterarum
1522 823 1550 845 0.
1566 811 1712 845 28-29,
1732 831 1775 835 -
1793 811 1851 845 Ad
1874 810 2028 845 tit-ulum
2054 813 2092 846 et
2117 810 2282 845 rubricas

353 875 450 919 quod
476 873 624 911 attinet,
651 884 732 906 cum
760 870 897 906 codicis
922 869 1014 905 folia
1040 872 1077 904 et
1103 868 1223 913 prima
1248 870 1284 903 et
1310 870 1498 912 postrema
1520 867 1708 913 perierint,
1735 866 1992 903 desiderantur
2015 867 2106 902 item
2130 870 2209 903 tam
2231 866 2283 902 in—

353 930 506 975 scriptio
532 929 653 974 operis
685 928 771 971 (nisi
795 928 893 972 quod
917 938 1052 962 111.1·.00
1080 925 1117 960 111
1144 925 1292 961 exordio
1319 925 1516 960 voluminis
1548 925 1687 970 legitur
1715 937 1787 960 non
1817 925 1872 959 lex
1898 924 2209 970 [Theo]dosiana,
2243 926 2284 960 ut

355 989 472 1022 visum
503 989 558 1022 est
585 985 780 1027 Η10110110,
813 985 875 1020 sed
907 985 964 1018 lex
989 983 1171 1026 Romana)
1197 993 1307 1026 quam
1334 981 1570 1034 subscriptio.
1620 983 1721 1017 Inter
1747 981 1861 1017 libros
1892 981 2036 1034 prior—es
2060 983 2263 1034 quattuor—
2262 993 2284 1016 a

355 1044 472 1097 primo
499 1046 703 1078 correctore
730 1042 991 1087 interpositum
1017 1043 1073 1076 est
1097 1032 1340 1074 Theodosium
1366 1033 1422 1074 lib.
1443 1032 1572 1074 VIIII
1592 1041 1645 1082 (et
1670 1038 1723 1073 sic
1741 1038 1930 1084 deinceps)
1956 1040 2035 1083 ‹3po
2059 1039 2135 1083 (vel
2153 1031 2284 1084 εωΡ-Ζὼ)

356 1103 412 1136 inc
437 1103 471 1145 (v
476 1102 508 1137 el
534 1093 646 1145 inoffi)
669 1092 727 1134 W).
748 1092 789 1134 X
813 1100 863 1142 (et
888 1097 939 1132 sie
959 1098 1146 1142 deinceps)
1171 1098 1251 1140 felic
1276 1097 1350 1140 (vel
1375 1097 1558 1140 feliciteim)
1583 1096 1631 1130 ad
1656 1095 1764 1131 finem
1789 1098 1914 1132 tamen
1939 1095 2027 1131 libri
2050 1096 2122 1130 XII
2146 1095 2286 1142 legitur

355 1159 611 1194 tantummodo
636 1158 714 1201 ecepl
739 1155 972 1191 Tleeodoszani
993 1155 1083 1188 XII
1104 1153 1292 1199 sequentis
1317 1153 1405 1188 libri
1430 1153 1617 1189 mentione
1635 1153 1898 1197 praetermissa
1917 1155 2071 1199 propter
2088 1152 2286 1188 voluminis

355 1216 637 1262 bipertitionem
669 1226 753 1249 mox
784 1213 1049 1258 exponendam.
1101 1212 1142 1246 In
1172 1213 1279 1256 parte
1313 1211 1516 1256 posteriore
1549 1209 1613 1245 lib.
1638 1210 1726 1244 XIII
1759 1209 2002 1255 inscriptione
2034 1213 2153 1252 caret;
2190 1210 2288 1247 inter

356 1275 377 1308 I.
397 1274 485 1307 XIII
512 1276 549 1308 et
575 1272 682 1306 XIIII
713 1270 868 1316 legitur:
901 1269 989 1312 caepl.
1015 1269 1071 1302 leb.
1093 1268 1214 1310 XIII,
1246 1268 1312 1302 ἱηο.
1336 1268 1390 1302 lib.
1412 1267 1558 1308 XIIII,·
1589 1266 1687 1302 inter
1718 1266 1741 1300 l.
1760 1266 1868 1301 XIIII
1893 1270 1931 1302 et
1960 1267 2044 1302 XV:
2077 1268 2132 1304 lib.
2154 1267 2292 1302 XIIII

356 1332 460 1375 0011Ζ.,
498 1331 605 1374 incip.
629 1329 686 1363 lib.
713 1327 794 1362 XV
820 1326 989 1370 felicitem
1028 1325 1125 1361 inter
1161 1325 1184 1359 l.
1210 1325 1277 1358 XV
1311 1327 1347 1360 et
1380 1324 1482 1359 XVI:
1510 1317 1564 1359 F—z
1587 1323 1669 1368 (sic)
1700 1324 1817 1358 Theod
1847 1324 1904 1359 lib
1932 1324 2009 1358 XV
2033 1326 2141 1370 empl„
2175 1325 2286 1370 incip.

357 1391 412 1424 lib.
436 1389 546 1423 XVI.
573 1407 616 1412 ——
641 1387 838 1421 Praeterea
870 1383 1027 1429 singulis
1059 1382 1209 1428 paginis
1241 1382 1277 1417 in
1310 1381 1476 1427 margine
1508 1381 1695 1427 superiore
1726 1381 1999 1427 superscriptus
2031 1385 2087 1418 est
2116 1395 2289 1419 numerus

358 1447 444 1482 libri
479 1446 547 1481 sic:
583 1443 812 1479 LIB-VIIII
848 1444 886 1478 et
920 1441 971 1476 sie
1007 1440 1198 1486 deinceps.
1237 1452 1463 1485 quamquam
1498 1441 1589 1475 haec
1625 1438 1805 1474 indicatio
1841 1451 1913 1474 non
1944 1451 2028 1476 raro
2061 1439 2291 1476 desideratur

358 1504 524 1551 margine
550 1504 701 1537 resecto.

474 1560 659 1596 Rubricae
686 1559 813 1594 littera
839 1557 871 1592 R
903 1557 1119 1603 praeposita
1145 1559 1387 1592 numerantur
1412 1555 1449 1590 in
1476 1556 1603 1591 eodem
1629 1555 1796 1601 margine
1829 1555 2018 1601 superiore
2044 1555 2291 1592 dextrorsum:

362 1619 393 1655 1}
421 1619 581 1654 XXVIII
608 1621 645 1653 et·
670 1616 722 1651 sic
748 1618 941 1660 perpetuo.
992 1614 1120 1649 Plures
1152 1613 1217 1648 ubi
1248 1613 1285 1648 in
1318 1613 1446 1648 eadem
1478 1612 1620 1658 pagina
1647 1615 1884 1655 concurrunt,
1918 1613 2061 1649 numeri
2085 1612 2125 1648 hi
2150 1612 2294 1658 pariter

362 1681 475 1722 atque
502 1676 540 1710 in
565 1672 785 1710 ‘I'aurinensi
813 1675 1013 1707 cernuntur
1039 1672 1135 1706 alter
1160 1683 1270 1716 super
1295 1671 1454 1706 alterum
1481 1669 1666 1705 collocati.
1694 1690 1736 1695 —
1762 1670 1804 1704 In
1829 1671 1936 1705 textu
1962 1670 2119 1705 rubricis
2150 1669 2294 1705 numeri

360 1735 439 1770 sine
470 1734 598 1769 littera
629 1730 951 1777 praescribuntur,
987 1741 1053 1775 per
1083 1730 1106 1764 l.
1131 1729 1227 1763 XIII.
1255 1729 1372 1763 XIIII.
1400 1728 1468 1762 XV
1499 1727 1665 1773 suppleti
1696 1728 1744 1762 ab
1775 1728 2027 1769 emendatore,
2060 1739 2127 1773 per
2157 1728 2180 1762 1.
2206 1728 2293 1763 XVI

363 1791 584 1840 omissiffnon
611 1801 696 1824 casu
722 1788 868 1833 opinor,
901 1788 965 1823 sed
994 1799 1060 1832 per
1085 1787 1232 1822 hiatum
1258 1785 1453 1830 antiquum
1479 1784 1640 1820 numeris
1664 1784 1893 1821 rubricarum
1919 1785 2117 1831 archetypi
2141 1797 2163 1821 a
2188 1787 2293 1822 textu

362 1848 629 1886 recedentibus.
657 1867 700 1872 —
725 1845 1062 1881 Constitutionibns
1092 1844 1233 1879 numeri
1260 1843 1442 1888 adscripti
1469 1846 1554 1879 sunt
1580 1842 1679 1886 (vide
1704 1854 1816 1888 supra
1840 1855 1875 1888 p.
1895 1843 2010 1887 XIII).

478 1918 588 1953 Liber
613 1918 786 1952 exaratus
818 1918 874 1950 est
903 1913 1042 1949 litteris
1069 1912 1372 1949 semiuncialibus
1395 1912 1534 1947 formae
1562 1911 1801 1956 antiquioris,
1835 1910 1989 1957 originis
2019 1909 2161 1946 indicia
2192 1912 2295 1946 certa

364 1977 467 2011 nulla
502 1987 590 2020 prae
624 1986 661 2009 se
692 1974 830 2013 ferens.
867 1975 908 2007 ut
943 1974 1019 2006 tam
1054 1971 1091 2005 111
1117 1970 1229 2006 Italia
1262 1970 1374 2005 scribi
1408 1969 1573 2015 potuerit
1600 1981 1712 2013 quam
1746 1968 1784 2003 in
1811 1968 1945 2004 Gallia.
1996 1967 2171 2003 Pluribus
2201 1966 2295 2003 loeis

366 2034 402 2077 (f.
418 2033 472 2068 23.
490 2034 546 2067 44.
563 2033 607 2066 97
627 2033 710 2075 cet.)
738 2030 921 2074 quaedam
954 2029 990 2063 in
1023 2027 1254 2073 marginibus
1288 2027 1568 2062 conscribillata
1601 2029 1688 2062 sunt
1722 2038 1744 2061 a
1774 2038 1885 2061 manu
1919 2024 2124 2071 posteriore
2156 2024 2296 2061 litteris

365 2104 457 2136 quas
482 2089 595 2136 periti
627 2089 790 2124 referunt
819 2087 866 2122 ad
896 2089 1065 2131 tempora
1090 2085 1406 2131 Mer-ovingorum.
1442 2084 1480 2119 id
1506 2085 1604 2129 quod
1635 2085 1737 2120 favet
1764 2083 1901 2130 origini
1926 2083 2080 2119 Gallice.
2129 2082 2296 2129 Scriptus

364 2152 420 2185 est
453 2161 475 2183 a
500 2146 663 2182 librariis
689 2145 849 2186 duobus,
884 2144 1029 2179 scilieet
1066 2143 1152 2179 libri
1179 2143 1419 2178 VIIII—XII
1454 2142 1531 2178 sive
1564 2154 1597 2187 q.
1625 2141 1937 2176 II—XXXVIIII
1969 2140 2088 2184 (cuius
2119 2142 2298 2186 quattuor

365 2206 455 2241 solia
488 2204 621 2240 ult-ima
652 2215 735 2237 cum
765 2214 916 2237 numero
940 2201 1009 2239 ΛΘ
1044 2201 1167 2237 excisa
1200 2203 1285 2235 sunt
1319 2203 1450 2246 utpote
1478 2203 1608 2244 vacua)
1634 2211 1655 2234 a
1680 2199 1821 2244 priore,
1855 2198 1943 2234 libri
1969 2197 2194 2233 XIII—XVI
2219 2197 2298 2234 sive

366 2278 399 2308 q.
419 2263 481 2298 XL
513 2263 559 2297 ad
591 2262 697 2296 finem
724 2272 746 2294 a
771 2259 986 2305 posteriore.
1037 2258 1267 2294 Litteratura
1293 2270 1425 2303 parum
1451 2257 1590 2293 differt.
1625 2255 1919 2302 orthographica
1945 2267 2091 2300 quoque
2115 2255 2190 2290 fere
2217 2266 2298 2289 con-

367 2320 544 2360 sentiunt,
578 2317 649 2353 nisi
676 2317 774 2362 quod
799 2316 974 2352 librarius
1001 2317 1100 2362 prior
1126 2317 1201 2351 dat.
1226 2316 1322 2351 Trev.
1347 2315 1412 2360 (sic
1439 2315 1486 2350 ad
1514 2315 1635 2359 12,12,
1655 2315 1703 2358 6),
1740 2313 1923 2359 posterior
1954 2313 2046 2348 Triv.
2071 2311 2136 2358 (sie
2163 2312 2299 2354 13,1,8

368 2381 406 2414 ct
430 2377 631 2421 deinceps).
657 2378 811 2419 uterque
838 2377 1060 2409 constanter.
1102 2373 1263 2409 Librarii
1289 2385 1514 2418 quamquam
1540 2373 1700 2408 Graecas
1726 2371 1874 2407 litteras
1900 2382 1973 2406 non
1998 2370 2119 2405 minus
2144 2369 2299 2415 pulchre

369 2435 613 2471 exaraverunt
631 2445 742 2477 quam
760 2432 923 2473 Latinas,
945 2435 1069 2467 tamen
1089 2431 1394 2467 constitutionem
1413 2433 1511 2466 certe
1530 2431 1561 2472 9,
1575 2431 1630 2471 45,
1644 2430 1667 2464 4
1684 2441 1755 2465 non
1780 2428 1961 2474 scriptam
1979 2439 2057 2464 esse
2080 2428 2127 2463 ab
2151 2427 2300 2463 homine

369 2494 507 2528 (haece
532 2493 639 2526 doct-o
663 2489 854 2525 evidenter
871 2493 1041 2535 apparet.
1084 2489 1237 2524 Scilicet
1255 2501 1298 2524 ea
1323 2490 1448 2523 aetate
1477 2499 1594 2532 eaque
1616 2486 1778 2532 regione,
1806 2486 1854 2521 ad
1871 2497 1963 2531 quas
1988 2485 2102 2521 codex
2125 2484 2300 2530 pertinet,

369 2549 514 2585 librarii
538 2550 636 2583 reete
660 2547 833 2582 instructi
857 2547 1048 2591 utriusque
1070 2546 1222 2592 linguae
1249 2546 1387 2581 iustam
1412 2545 1588 2580 notitiam
1612 2543 1788 2579 habuisse
1814 2543 1967 2579 dubium
1992 2554 2064 2578 non
2090 2544 2156 2584 est,
2181 2554 2301 2587 neque

371 2620 451 2643 cam
470 2605 636 2642 Gallicae
663 2604 800 2640 codicis
826 2604 961 2651 origini
987 2604 1254 2649 impedimento
1281 2616 1360 2640 esse
1388 2604 1445 2639 vel
1473 2615 1516 2638 ex
1541 2602 1651 2637 huius
1677 2600 1815 2636 codicis
1843 2599 2110 2636 constitutione
2137 2599 2188 2642 12,
2207 2600 2238 2641 3,
2259 2600 2299 2635 11

372 2664 540 2700 efficitur.
571 2683 608 2688 —
639 2662 810 2698 Ceterum
842 2664 884 2696 ut
917 2663 959 2697 de
986 2662 1111 2707 patria
1143 2662 1199 2696 ita
1230 2661 1274 2696 de
1301 2664 1426 2696 aetate
1453 2660 1592 2696 codicis
1618 2658 1798 2694 iudicium
1830 2657 2047 2704 ambiguum
2073 2659 2145 2699 est,
2175 2661 2301 2702 quam‘-

373 2735 483 2768 quam
519 2722 671 2767 propter
703 2719 1011 2766 orthographiam
1044 2720 1164 2755 adhuc
1196 2719 1455 2764 incorruptam
1482 2718 1578 2753 infra
1603 2729 1697 2754 saec,
1714 2718 1743 2752 V
1749 2718 1763 2752 I
1790 2718 1994 2753 ext-remum
2025 2714 2196 2751 descendi
2228 2726 2301 2751 non

373 2783 507 2826 pOteSt.

248 2889 361 2921 l'aVb
492 2882 693 2918 Veniamus
719 2883 766 2917 ad
792 2882 929 2917 codicis
955 2881 1231 2917 emendationes
1258 2883 1295 2916 et
1321 2879 1589 2915 additamenta.
1640 2879 1790 2914 Praeter
1815 2875 2009 2912 librarium
2034 2875 2173 2921 ipsum,
2200 2874 2303 2910 euius

377 2940 652 2976 emendationes
678 2940 787 2975 solito
812 2952 912 2975 more
938 2940 992 2975 ita
1018 2939 1264 2980 distinximus,
1291 2941 1333 2973 ut
1358 2937 1543 2983 scriptura
1569 2948 1591 2971 a
1616 2935 1768 2971 librario
1795 2934 1919 2970 deleta
1944 2933 1993 2968 sit
2017 2933 2075 2975 Va,
2101 2933 2149 2968 ab
2175 2932 2303 2968 eodem

378 2997 541 3042 reposita
563 2998 616 3032 Vb
640 3009 794 3041 eamque
820 2998 937 3032 solam
962 2996 1160 3032 lectionem
1186 2995 1380 3031 adnotatio
1408 2994 1593 3036 enuntiet,
1621 3005 1715 3038 quae
1742 3004 1813 3028 non
1838 2994 1895 3028 est
1919 2991 1957 3026 in
1982 2993 2100 3032 textu,
2126 2991 2304 3026 retraeta-

380 3057 511 3089 verunt-
535 3055 670 3089 librum
696 3054 840 3090 librarii
867 3055 937 3089 duo
965 3054 1056 3099 ipsis
1081 3053 1324 3099 scriptoribus
1350 3055 1475 3088 aetate
1502 3063 1681 3097 suppares
1706 3052 1745 3086 et
1768 3051 1924 3085 fortasse
1949 3049 1997 3084 ad
2014 3047 2169 3084 eandem
2190 3045 2304 3082 offici-

380 3124 463 3146 nam
494 3112 738 3157 pertinentes,
771 3124 925 3156 quorum
957 3112 1068 3151 alter,
1101 3110 1207 3146 nobis
1228 3110 1308 3150 1⁷²²ss
1340 3110 1376 3144 in
1407 3112 1512 3145 textu
1543 3119 1664 3153 pauca
1696 3106 1875 3148 mutavit,
1910 3106 1974 3141 sed
2004 3104 2192 3152 plerisque
2223 3115 2304 3139 eon-

381 3168 640 3203 stitutionibus
671 3168 870 3203 summaria
904 3167 1118 3212 adscripsit,
1152 3168 1262 3207 ulter,
1295 3166 1400 3202 nobis
1425 3166 1485 3207 V2‚
1520 3165 1690 3199 volumen
1723 3166 1858 3204 totum,
1889 3161 2049 3199 maxime
2075 3173 2160 3197 vero
2191 3159 2305 3196 libros

277 3227 343 3259 V2*
381 3225 486 3259 VIIII
498 3226 610 3259 —XII
642 3225 854 3261 emendavit
888 3228 925 3261 et
956 3223 1164 3259 summariis
1197 3224 1272 3258 illis
1305 3223 1487 3268 quaedam
1519 3221 1666 3256 adiecit.
1699 3241 1743 3246 —
1774 3219 1892 3255 Priori
1927 3219 1985 3254 illi
2016 3218 2088 3253 V²*
2120 3216 2306 3253 Schoellio

383 3282 503 3317 iudice
529 3282 746 3318 tribuendae
772 3286 856 3318 sunt
891 3282 926 3316 in
954 3282 1048 3316 libro
1080 3293 1174 3317 nono
1207 3280 1482 3316 emendationes
1514 3280 1599 3320 liae,
1635 3290 1726 3323 quas
1753 3278 1963 3314 litterarum
1989 3275 2122 3311 ductus
2148 3276 2186 3311 et
2210 3276 2306 3310 atra-

383 3339 497 3374 menti
524 3339 719 3375 diversitas
745 3341 836 3376 satis
862 3342 962 3376 certo
989 3338 1187 3385 distinguit
1213 3339 1259 3373 ab
1286 3339 1403 3374 altero
1430 3337 1496 3372 V2:
