2501 3615
1047 165 1091 170 —
1141 144 1381 180 CCCLXXIX
1430 164 1473 169 —

295 255 426 298 genter
450 263 472 287 a
489 251 681 286 Maasseuo
701 248 861 293 (Quellen
889 250 917 291 1,
937 248 1028 292 874),
1055 248 1213 283 alteram
1239 259 1282 294 ex
1308 247 1434 283 codice
1454 247 1695 282 Ambrosiano
1713 247 1744 280 A
1761 247 1806 280 46
1824 246 1887 281 inf.
1911 258 2006 282 saec.
2025 246 2058 280 X
2083 246 2222 282 editam

296 309 343 344 ab
379 310 505 344 eodem
534 308 730 342 Maasseno
762 308 904 346 (comm.
931 306 1089 340 minores
1123 302 1225 340 acad.
1250 304 1457 339 Vindobou.
1485 304 1555 339 vol.
1574 304 1619 338 92
1644 315 1676 338 a.
1697 303 1784 338 1879
1810 315 1846 348 p.
1865 303 2051 348 301seq.)‚
2083 303 2121 337 in
2153 313 2225 346 quo

296 366 562 403 commentario
587 369 764 409 excerpta
789 375 862 398 non
888 375 1009 409 pauca
1036 362 1159 408 posuit
1185 364 1344 406 sumpta,
1371 364 1413 396 ut
1438 364 1537 396 recte
1563 359 1700 396 statuit
1717 360 1897 402 Maassen‚
1923 372 1966 395 ex
1992 360 2073 405 ipso
2100 360 2225 395 codice

295 427 418 460 nostro
445 423 622 468 primario
648 422 722 457 iam
750 421 992 459 Berolinensi‚
1019 419 1119 455 Flori
1145 422 1312 464 tempore
1339 418 1587 464 Lugdunensi.

410 491 582 537 Epitome
608 491 727 526 altera
748 489 992 525 Ambrosiana
1019 489 1056 523 in
1074 488 1284 523 universum
1305 487 1462 528 brevior,
1489 490 1614 522 tamen
1635 486 1818 531 quaedam
1835 486 1941 520 addit
1967 485 2004 520 in
2022 483 2227 529 exemplari

295 548 609 584 Autissiodorensi
635 549 784 588 omissa,
817 547 856 581 in
887 547 944 581 his
972 548 1115 591 partem
1141 543 1420 579 constitutionis
1447 543 1515 578 Th.
1536 545 1564 585 1,
1583 544 1637 585 27,
1662 545 1673 576 l
1703 554 1772 577 non
1799 543 2050 587 pertinentem
2083 541 2129 576 ad
2156 541 2225 575 Sir-

294 606 522 642 mondianas.
549 606 613 641 sed
639 608 721 651 post
749 617 811 640 eas
837 605 873 638 in
901 603 1029 639 eodem
1057 602 1183 638 codice
1211 601 1448 646 perscriptas.

413 676 600 710 Parisinus
621 676 718 716 1452,
745 673 958 718 aliquando,
984 674 1026 706 ut-
1053 671 1090 705 in
1109 671 1189 716 ipso
1216 670 1436 705 adnotatum
1459 671 1524 711 est,
1552 668 1811 703 canonicorum
1832 667 2082 701 Aniciensium
2102 667 2159 710 (=
2179 666 2228 701 Le
2276 668 2494 701 Paris.1452

296 733 375 778 Puy
402 745 446 768 en
471 733 623 777 Velay),
650 742 744 766 saec.
770 730 800 764 X
828 729 888 773 (cf.
914 729 1085 763 Maassen
1110 727 1133 762 1.
1153 739 1183 762 0.
1209 739 1244 772 p.
1263 727 1345 767 775;
1380 727 1502 760 chron.
1529 725 1672 759 minora
1696 736 1779 760 mea
1806 725 1821 759 1
1856 736 1890 768 p.
1910 724 2007 767 562),
2038 723 2229 758 adhibitus

296 791 386 826 item
412 802 433 825 a
460 789 668 829 Sirmondo,
703 786 912 832 descriptus
942 787 999 821 est
1025 796 1067 820 ex
1093 784 1127 818 Z
1148 784 1278 828 itaque
1304 795 1325 818 a
1351 782 1459 818 nobis
1484 782 1538 817 ibi
1563 783 1711 817 tantum
1736 780 1944 821 adhibitus,
1979 780 2043 815 ubi
2076 785 2229 826 propter

295 848 482 893 margines
506 847 626 882 laesos
651 846 685 879 Z
706 844 842 880 deficit.

411 914 659 951 Berolinensis
684 913 764 949 Lat.
791 913 854 948 fol.
873 913 950 954 270,
977 911 1083 946 nobis
1109 911 1242 953 Berol„
1269 910 1308 944 in
1332 909 1422 945 folio
1449 909 1618 944 solitario
1644 909 1768 951 (hodie
1796 910 1851 950 15)
1878 909 1963 953 post
1987 907 2056 942 Th.
2075 908 2105 949 9,
2128 908 2226 941 14-
2274 908 2390 943 Berol.

295 973 389 1015 9,16
419 973 536 1008 habet
564 971 773 1016 adscriptas
804 982 917 1005 manu
951 969 1113 1004 secunda
1143 967 1430 1003 constitutiones
1463 967 1569 1008 duas,
1603 966 1761 1002 alteram
1791 978 1873 1002 eam
1899 977 2011 1010 quam
2047 963 2229 999 edidimus

295 1043 330 1077 p.
350 1031 417 1067 240
446 1030 514 1065 sub
541 1028 654 1065 titulo
686 1039 763 1072 cap.
785 1027 876 1062 XII
897 1026 1057 1062 Teodosii
1081 1025 1216 1060 111171
1239 1025 1438 1060 admodum
1471 1027 1700 1069 suspectam,
1736 1024 1891 1058 alteram
1925 1021 2229 1058 constitutionem

296 1087 595 1124 Sirmondianam
619 1085 777 1132 primam
804 1085 1074 1131 interpolatam
1099 1095 1144 1119 ex
1168 1084 1319 1119 novella
1344 1084 1387 1118 27
1415 1081 1674 1118 Valentiniani
1692 1082 1754 1116 III.
1796 1080 1937 1116 Pendet
1961 1080 2025 1125 qui
2051 1080 2143 1115 haec
2169 1079 2229 1113 ad-

295 1146 386 1182 iecit
409 1157 454 1182 ex
478 1146 634 1181 duorum
658 1144 829 1180 codicum
854 1144 888 1178 Z
909 1146 947 1179 et
973 1142 1091 1178 Paris.
1111 1142 1200 1177 1452
1226 1141 1345 1177 altero
1372 1143 1455 1176 utro
1482 1140 1541 1176 vel
1567 1142 1666 1175 certe
1692 1150 1735 1174 ex
1760 1138 1885 1173 simili.

341 1237 601 1284 Eporediensis
626 1236 670 1272 35
696 1247 790 1271 saec.
810 1235 926 1279 IXJX‚
955 1234 1062 1270 nobis
1080 1234 1118 1268 E
1145 1235 1270 1279 (supra
1295 1245 1332 1278 p.
1351 1232 1500 1276 LXVII)
1528 1243 1610 1267 cum
1636 1231 1853 1277 apographo
1880 1229 2046 1265 Parisino
2070 1229 2161 1264 4406

503 1294 593 1329 olim
613 1292 815 1329 Vesontino
841 1294 968 1337 (supra
993 1304 1029 1337 p.
1048 1291 1230 1336 LXVIII).

343 1351 561 1388 Oxoniensis
585 1350 811 1386 Bodleianus
837 1349 1081 1384 Seldenianus
1106 1348 1136 1382 B
1165 1348 1206 1383 16
1231 1359 1326 1383 saec.
1345 1347 1426 1389 XII,
1452 1346 1558 1382 nobis
1582 1346 1611 1381 Ο
1636 1347 1762 1391 (supra
1787 1358 1823 1391 p.
1841 1345 1964 1389 LXV).

343 1409 609 1446 Ambrosianus
635 1408 662 1444 C
688 1408 731 1442 29
758 1406 822 1442 inf.
847 1418 942 1442 saec.
963 1406 1032 1449 XI,
1058 1406 1165 1441 nobis
1191 1406 1242 1449 A,
1276 1405 1332 1440 ita
1356 1404 1530 1446 mutilus,
1565 1406 1607 1439 ut
1636 1415 1708 1439 non
1739 1403 1925 1449 supersint
1950 1414 1994 1438 ex
2019 1401 2162 1447 sylloge

503 1469 631 1502 nostra
655 1465 727 1500 nisi
752 1464 924 1500 rubricae
949 1463 1261 1499 constitutionum
1286 1463 1307 1498 5
1332 1465 1372 1497 et
1397 1463 1416 1496 7
1444 1463 1570 1507 (supra
1595 1474 1629 1507 p.
1649 1461 1864 1505 LXXXIII).

344 1524 592 1562 Berolinensis
626 1522 927 1568 Phillippsianus
960 1522 1046 1556 1741
1086 1521 1275 1556 adiunctis
1315 1520 1415 1555 foliis
1454 1519 1596 1554 duobus
1634 1519 1782 1554 insertis
1823 1517 1942 1553 codici
1978 1517 2162 1553 Vaticano

503 1593 579 1627 reg.
600 1581 688 1616 1283
714 1591 809 1616 saec.
827 1580 870 1621 X,
896 1579 1003 1614 nobis
1034 1578 1069 1613 Y
1092 1582 1219 1623 (supra
1244 1590 1279 1622 p.
1298 1577 1548 1621 LXXXVIII).

343 1640 532 1675 Parisinus
559 1638 671 1673 12445
697 1637 901 1682 (Sangerm.
920 1636 1003 1681 366)
1029 1647 1124 1671 saec.
1143 1635 1250 1679 1XfX,
1277 1635 1384 1670 nobis
1410 1634 1449 1669 D
1475 1634 1601 1679 (supra
1627 1646 1662 1678 p.
1681 1632 1933 1675 LXXXVIII).

343 1699 517 1744 Epitome
542 1697 713 1733 Parisina
741 1695 852 1732 10753
878 1711 921 1725 =
948 1695 1070 1740 suppl.
1089 1694 1171 1730 Lat.
1189 1695 1256 1730 215
1282 1696 1409 1739 (supra
1434 1705 1469 1738 p.
1489 1692 1704 1735 LXXXIX).

346 1757 536 1793 Parisinus
561 1755 652 1790 9652
680 1755 818 1799 (suppl.
837 1753 919 1788 Lat.
939 1754 1020 1798 779)
1047 1764 1142 1788 saec.
1162 1752 1212 1786 IX
1239 1754 1352 1787 antea
1369 1750 1654 1791 Bellovacensis,
1680 1749 1786 1784 nobis
1805 1749 1945 1789 Bellon,
1971 1750 2163 1792 tamquam

507 1812 759 1849 Theodosiani
784 1811 808 1846 l.
834 1811 921 1845 XVI
948 1811 1101 1846 titulum
1120 1810 1169 1844 VI
1200 1809 1240 1844 de
1273 1809 1461 1854 episcopali
1490 1807 1619 1842 iudicio
1650 1807 1760 1852 ponit
1785 1805 2063 1842 constitutionis
2088 1804 2158 1839 Sir-

504 1869 726 1905 mondianae
752 1868 895 1914 primae
920 1870 1065 1913 partem
1091 1869 1216 1912 (supra
1241 1879 1278 1911 p.
1296 1866 1439 1907 XCIX).

343 1929 537 1966 Leidensis
554 1927 756 1963 Vossianus
783 1929 905 1970 quart.
927 1926 991 1961 119
1017 1925 1133 1960 habet
1158 1927 1307 1969 praeter
1332 1924 1521 1968 epitomen
1546 1921 1730 1957 Breviarii
1755 1920 2003 1966 Aegidianam
2037 1921 2163 1964 (supra

508 1999 545 2032 p.
571 1985 632 2030 CI)
659 1984 815 2020 eandem
839 1982 1065 2028 particulam
1091 1981 1234 2027 primae
1261 1981 1538 2016 constitutionis
1569 1980 1636 2015 sub
1663 1978 1894 2024 praescripto
1922 1977 1989 2012 XI
2010 1978 2051 2011 in
2075 1978 2164 2011 libro

509 2042 613 2078 XVI
638 2040 830 2077 Theodosii
855 2040 898 2074 de
923 2039 1114 2084 episcopali
1137 2038 1283 2073 iudicio.

347 2102 582 2148 [Hincmarus
606 2101 733 2145 (supra
758 2111 794 2144 p.
812 2097 1002 2132 LXXXIX
1028 2099 1066 2132 et
1091 2109 1127 2142 p.
1145 2095 1226 2140 910)
1257 2096 1410 2141 adlegat
1437 2097 1551 2130 const.
1570 2094 1601 2130 3.

289 2190 292 2194 .
347 2159 571 2196 Benedictus
597 2157 730 2193 Levita
756 2158 883 2202 (supra
908 2167 944 2200 p.
963 2154 1149 2189 LXXXIX
1176 2156 1214 2189 et
1239 2166 1274 2199 p.
1292 2153 1373 2196 908)
1400 2152 1495 2188 citat
1521 2154 1636 2187 const.
1656 2151 1699 2196 1.]

300 2251 372 2294 Qui
396 2251 484 2287 libri
502 2261 637 2291 omneS,
663 2250 706 2284 ut
724 2247 926 2284 ostendunt
950 2247 1153 2282 laterculus
1171 2257 1283 2291 supra
1301 2258 1336 2290 p.
1351 2244 1413 2280 XC
1435 2243 1649 2290 propositus
1667 2243 1813 2288 locique
1832 2242 1898 2278 alii
1918 2243 2038 2286 citati,
2065 2243 2235 2288 syllogen

300 2308 597 2345 Sirmondianam
623 2305 881 2342 Theodosiano
908 2305 1047 2340 formae
1072 2302 1310 2339 Alaricianae
1336 2305 1401 2337 aut
1427 2301 1659 2347 subiungunt
1685 2303 1750 2336 aut
1776 2300 1934 2344 (scilicet
1959 2299 2001 2343 O)
2026 2300 2121 2335 libro
2149 2300 2235 2334 XVI

300 2366 543 2412 interponunt
567 2376 686 2409 neque
711 2366 839 2399 tamen
863 2363 1060 2409 integram,
1086 2374 1172 2397 nam
1198 2360 1360 2407 epitome
1379 2359 1549 2394 Parisina
1576 2359 1718 2404 profert
1743 2357 2028 2394 constitutiones
2045 2360 2234 2402 quattuor,

300 2423 389 2459 libri
416 2422 528 2458 OYD
560 2434 645 2457 cum
673 2420 832 2457 rubricis
863 2420 1099 2456 Ambrosiani
1130 2432 1202 2454 non
1234 2418 1377 2454 habent
1411 2417 1483 2452 nisi
1520 2415 1807 2452 constitutiones
1837 2417 1978 2461 septem
2010 2415 2166 2460 primas,
2202 2415 2241 2449 Ε

301 2491 528 2526 quamquam
553 2479 592 2514 in
609 2478 867 2514 Theodosiano
893 2478 1003 2523 longe
1027 2477 1172 2522 plenior
1197 2478 1234 2512 et
1260 2474 1522 2521 praestantior,
1549 2474 1647 2509 solas
1675 2472 1960 2508 constitutiones
1985 2470 2124 2517 primas
2150 2475 2234 2512 tres

301 2542 345 2574 ut
370 2536 578 2582 descriptus
604 2536 777 2572 videatur
801 2548 848 2572 ex
872 2536 1078 2580 archetypo
1108 2534 1179 2570 hoc
1211 2533 1293 2568 loco
1318 2532 1464 2567 mutilo.
1513 2530 1688 2575 Sequitur
1718 2529 1757 2564 in
1789 2529 1859 2565 hoc
1886 2529 2011 2564 codice
2044 2531 2128 2574 post
2155 2540 2236 2563 cou-

302 2594 540 2631 stitutionem
565 2593 862 2629 sirmondianam
889 2593 1043 2629 tertiam
1077 2593 1129 2635 (in
1157 2603 1267 2637 quam
1294 2591 1385 2627 folio
1416 2589 1614 2634 archetypi
1640 2588 1866 2633 transposito
1892 2599 2016 2622 versus
2047 2587 2156 2621 finem
2187 2587 2238 2621 in-

303 2656 402 2689 serta
427 2654 484 2687 est
508 2663 595 2697 pars
619 2651 789 2687 novellae
816 2651 952 2687 tertiae
972 2650 1174 2686 Theodosii
1193 2650 1243 2694 II)
1269 2648 1493 2694 interposita
1518 2647 1660 2693 pagina
1679 2657 1796 2681 vacua
1813 2644 2084 2690 praescriptum
2102 2643 2236 2678 Novel-

302 2710 440 2746 larum:
464 2710 552 2754 ἰἠῷ
571 2709 650 2754 ῖερῖι
670 2708 852 2742 novellam
875 2707 931 2742 ἰῶ.
949 2708 979 2742 Ι.
999 2707 1025 2741 Ι
1036 2707 1077 2741 de
1096 2706 1338 2742 Theodosiam'
1354 2705 1484 2740 codicis
1503 2704 1726 2738 auctoritate.
1767 2702 1866 2737 Duos
1887 2701 2000 2735 libros
2018 2700 2131 2735 Paris.
2145 2700 2236 2734 9652

305 2770 344 2803 et
368 2767 585 2802 Leidensem
611 2777 683 2800 non
707 2764 890 2800 habentes
923 2776 968 2799 ex
993 2763 1328 2800 constitutionibus
1360 2763 1418 2797 his
1448 2761 1519 2796 nisi
1555 2761 1712 2806 primam
1744 2759 1903 2805 pendere
1934 2770 1977 2793 ex
2004 2757 2128 2792 codice
2154 2756 2234 2797 tali,

305 2824 434 2868 quales
460 2825 545 2858 sunt
577 2822 698 2863 OYD,
727 2821 921 2856 declarant
947 2833 1071 2857 eorum
1097 2821 1342 2867 praescripta.

421 2892 475 2927 Ex
504 2893 575 2927 hoc
606 2891 688 2937 ipso
723 2902 873 2936 corpore
909 2891 1131 2936 deprompta
1163 2891 1311 2926 videtur
1346 2902 1423 2926 esse
1462 2888 1682 2924 constitutio
1713 2886 1826 2921 tertia
1859 2884 2001 2920 decima
2039 2883 2075 2917 in
2111 2882 2234 2917 codice
2274 2886 2386 2919 Paris.
2408 2889 2501 2919 1209:

306 2950 475 2986 Parisino
495 2949 606 2985 12097
628 2948 879 2993 (Sangerman.
894 2948 976 2992 936)
1002 2960 1096 2984 saec.
1112 2948 1260 2993 VIJVII,
1287 2948 1375 2983 olim
1395 2946 1618 2986 Coi-beiensL
1636 2956 1708 2989 quo
1727 2943 1938 2978 continetur
1963 2941 2104 2986 sylloge
2131 2950 2236 2973 cano-

305 3006 401 3048 nica,
427 3018 538 3051 quam
567 3006 614 3040 ab
640 3006 709 3040 hoc
736 3005 831 3039 libro
857 3005 1026 3041 Maassen
1053 3005 1217 3049 (Quellen
1243 3006 1272 3047 1,
1291 3005 1374 3045 556;
1408 3005 1452 3039 cf.
1480 3004 1603 3038 chron.
1630 3002 1772 3036 minora
1797 3012 1880 3034 mea
1906 3011 1940 3043 p.
1961 2999 2040 3041 563)
2067 2995 2237 3041 appellat

307 3064 576 3100 Corbeiensem.
627 3063 727 3097 Inter
752 3062 1010 3097 additamenta
1035 3063 1177 3108 scripta
1200 3061 1372 3097 manibus
1398 3061 1569 3102 diversis,
1602 3072 1694 3104 quas
1725 3059 1958 3093 enumeratas
1990 3055 2104 3089 habes
2136 3053 2235 3097 apud

306 3122 539 3157 Maassenum
566 3123 615 3164 (p.
633 3119 699 3153 569
714 3120 817 3162 sqq),
843 3121 928 3163 post
952 3120 1148 3163 exemplum
1172 3119 1253 3160 fidei
1279 3119 1458 3154 Nicaeum
1485 3118 1720 3162 desumptum
1747 3127 1790 3150 ex
1815 3114 1960 3155 Rufino,
1988 3115 2074 3147 ante
2099 3110 2235 3154 epistu-

307 3179 384 3214 lam
415 3187 538 3222 papae
565 3176 695 3211 Leonis
721 3175 737 3209 I
769 3175 817 3210 ad
846 3176 1087 3211 Anastasium
1119 3176 1335 3221 episcopum
1363 3175 1748 3214 Thessalonicensem,
1783 3184 1894 3206 manu
1924 3173 2047 3205 tamen
2080 3167 2234 3206 diversa,

308 3235 448 3281 legitur
464 3234 557 3269 haec
575 3232 844 3273 Sirmondiana,
862 3244 1013 3268 numero
1034 3233 1267 3278 praescripto
1286 3233 1405 3267 XLIII
1425 3234 1510 3274 (non
1530 3232 1660 3275 XIIII).
1679 3251 1724 3256 -
1743 3227 1969 3264 Constitutio
1989 3223 2186 3260 Theodosii
2204 3223 2239 3256 lI

309 3295 347 3329 et
364 3290 623 3327 Valentiniani
650 3290 702 3324 III
729 3289 911 3334 incipiens
934 3289 1112 3324 audemus
1138 3290 1281 3334 quidem
1305 3300 1494 3324 sermonem
1520 3288 1674 3332 (Haenel
1703 3287 1843 3332 Corpus
1868 3286 1939 3330 leg.
1958 3296 1992 3329 p.
2010 3284 2102 3326 241),
2128 3292 2239 3325 quam

309 3349 523 3386 Sirmondus
550 3359 632 3382 cum
651 3347 794 3392 sylloge
819 3358 862 3382 ea
881 3358 992 3391 quam
1011 3349 1217 3382 tractamus
1243 3358 1286 3381 ex
1310 3347 1380 3381 hoc
1398 3346 1494 3381 libro
1519 3346 1587 3381 sub
1607 3358 1640 3380 n.
1659 3345 1726 3379 XX
1745 3343 1863 3380 edidit
1881 3342 1938 3381 (cf.
1959 3340 2072 3376 etiam
2090 3338 2237 3372 Florum

1918 3422 1939 3444 Y
1944 3410 1961 3427 *t
