2501 3615
932 168 976 179 ⁴-
1025 151 1254 189 CCCXXVII
1303 173 1346 178 —

619 282 669 324 A.
715 281 1002 323 Collectiones
1033 281 1248 323 mundano
1281 281 1375 322 usui
1407 279 1659 321 destinatae.

291 363 385 400 Iuris
410 363 671 398 collectionum
705 374 776 397 non
808 362 964 408 speciali
990 361 1169 397 ecclesiae
1202 361 1284 396 usui
1310 360 1595 396 destinatarum.
1628 370 1722 404 quae
1754 359 1943 395 Breviario
1976 363 2100 395 nostro
2138 361 2210 394 Lex
2234 360 2394 393 Romana

177 426 343 467 utuntur,
368 424 427 459 lex
452 422 618 457 Romana
644 422 828 457 Curiensis
840 425 864 466 ¹)
890 420 1043 456 maximi
1068 420 1245 456 momenti
1272 423 1338 460 est,
1364 431 1458 464 quae
1485 418 1573 454 olim
1599 417 1764 452 Romana
1790 416 1982 452 Utinensis
2007 417 2101 453 dice·
2177 407 2358 440 C'urieusis.

177 483 299 521 batur.
325 493 348 516 a
364 480 555 522 Haeuelio,
581 479 669 524 quia
694 480 765 515 duo
791 479 954 515 eiusdem
980 478 1123 513 codices
1148 477 1257 513 hodie
1283 477 1321 511 iu
1346 476 1569 512 monasterio
1595 475 1829 521 Sangallensi
1855 479 2100 516 asservantur,

177 539 339 585 epitome
371 537 499 572 Sancti
529 537 629 572 Galli
660 537 881 572 nominatur.
937 535 1039 581 Opus
1070 535 1260 580 privatum
1292 536 1364 576 est,
1399 534 1566 569 continet
1598 531 1823 568 Breviarium
1858 532 2102 578 epitomatum

177 596 242 632 sed
274 607 319 632 ex
352 595 431 631 iure
465 594 788 630 consuetudinario
820 596 858 630 et
889 592 1067 629 clausulis
1101 592 1251 637 linguae
1284 591 1525 627 Germanicae
1559 591 1719 626 multum
1753 590 1997 625 emendatum.
2053 591 2100 626 Ut

177 653 365 703 Zeumer²j
392 651 575 693 disseruit,
602 652 693 688 haec
719 651 881 697 epitome
907 651 982 686 iani
1007 653 1094 685 ante
1121 661 1256 684 annum
1282 650 1348 684 766
1374 648 1546 694 partibus
1571 647 1990 684 Raetico-Curiensibus
2015 652 2103 684 nota

179 715 270 749 erat.
295 710 327 746 si
352 710 445 746 alios
471 709 667 755 sequimur,
694 712 781 744 aute
807 709 915 744 finem
941 707 1082 743 saeculi
1109 706 1282 750 octavi-³),
1310 709 1408 741 certe
1433 706 1581 740 sacculo
1607 717 1702 740 nono
1714 707 1740 749 ⁴)
1766 705 1904 741 ibidem
1931 717 1996 751 pro
2022 706 2102 751 lege

179 769 389 804 tenebatur.
430 767 618 803 Habemus
644 770 718 802 tres
744 766 889 802 codices
914 765 1078 811 integros
1104 764 1214 798 huius
1239 762 1335 808 legis
1360 767 1397 799 et
1422 776 1532 798 unum
1551 763 1810 809 fragmentum.
1853 764 1941 799 Tres
1960 764 2104 799 codices

179 826 345 871 integros
370 825 580 861 Zeumerius
612 825 650 859 in
683 824 846 860 editione
880 823 974 869 legis
1008 821 1216 867 descripsit.
1266 820 1427 861 Quorum
1459 821 1530 855 duo
1562 824 1597 855 et
1625 821 1858 856 Fabariensis
1891 833 1986 856 nunc
2018 822 2103 856 San-

179 883 358 930 gallensis
374 883 478 917 XXX
497 886 534 918 et
551 881 805 928 Sangallensis
823 881 888 915 722
918 879 1058 916 saeculi
1082 879 1169 914 noni
1195 879 1336 924 origine
1356 878 1511 912 Raetica
1537 881 1632 912 sunt.
1676 878 1727 914 De
1754 878 1895 924 origine
1913 879 2104 914 Utinensis

180 943 293 976 antea
319 939 569 985 Aquileiensis
594 950 690 974 nunc
717 950 801 974 vero
827 938 865 973 in
890 937 1122 973 bibliotheca.
1149 935 1406 972 universitatis
1424 935 1626 980 Lipsiensis
1652 937 1841 977 asservati,
1868 936 1932 980 qui
1958 937 2104 972 saeculo

181 998 280 1043 IXJX
306 997 467 1044 scriptus
492 1001 558 1039 est,
587 996 655 1031 viri
680 996 781 1032 docti
800 995 1034 1032 dissentiunt.
1076 995 1169 1030 Sunt
1187 993 1251 1038 qui
1274 993 1389 1029 etiam
1414 993 1524 1028 huius
1551 993 1688 1028 codicis
1713 993 1892 1039 originem
1912 994 2104 1030 Raeticam

181 1055 410 1091 contendant
421 1057 458 1100 ⁵),
485 1055 551 1090 alii
578 1065 662 1090 vero
689 1066 771 1089 eum
797 1053 835 1088 in
852 1053 966 1089 Italia
991 1051 1277 1098 septentrionali
1303 1051 1483 1096 scriptum
1511 1062 1587 1086 esse
1613 1053 1791 1096 putantf)
1829 1052 2024 1096 Utcunque
2049 1065 2106 1088 res

182 1113 269 1155 erit,
295 1112 587 1156 animadvertas,
623 1115 666 1147 ut
691 1111 842 1147 Zeumer
866 1109 1126 1154 illustraviffl),
1161 1109 1378 1145 Utinensem
1409 1120 1453 1143 ex
1485 1108 1610 1143 codice
1637 1109 1796 1152 quodam
1825 1108 1912 1144 olim
1939 1109 2104 1151 Raetico,

182 1170 247 1215 qui
272 1170 387 1206 etiam
403 1169 639 1216 Sangallensi
657 1170 724 1204 722
748 1169 974 1214 archetypus
999 1167 1082 1209 fuit,
1109 1167 1336 1212 descriptum
1363 1178 1451 1202 esse.
1498 1166 1721 1211 Fragmenta
1745 1166 1854 1201 huius
1880 1167 1985 1212 legis,
2011 1179 2104 1211 quae

181 1228 222 1264 in
254 1228 380 1264 codice
412 1227 666 1263 bibliothecae
691 1226 958 1262 Ambrosianae
984 1227 1015 1260 A
1040 1226 1110 1260 2⁴20
1134 1224 1198 1260 inf.
1226 1223 1429 1260 Mediolani
1464 1226 1627 1264 exstant,
1663 1224 1859 1259 Mercatius
1895 1236 1990 1259 anno
2021 1226 2105 1259 1259?

183 1286 326 1322 detexit
350 1288 389 1322 et
413 1286 451 1321 in
476 1285 684 1332 appendice
710 1285 796 1319 libri
820 1284 981 1320 Zanettii
1006 1296 1042 1329 p.
1065 1284 1127 1318 143
1141 1295 1193 1327 sq.
1220 1281 1443 1328 publicavit.
1492 1281 1639 1326 Scripta
1665 1284 1749 1316 sunt
1779 1282 1925 1317 saeculo
1952 1282 2105 1324 decimo,

182 1347 226 1380 ut
249 1343 371 1380 editor
397 1343 536 1388 aliique
561 1344 710 1388 putant,
737 1343 775 1377 in
800 1342 913 1377 Italia
939 1340 1238 1387 septentrionali.

298 1401 498 1442 Quaeritur
522 1401 567 1436 de
586 1400 730 1447 origine
755 1399 864 1435 huius
888 1400 994 1446 legis.
1035 1398 1224 1444 Schupfer,
1250 1397 1388 1443 quique
1414 1408 1497 1432 eum
1523 1398 1735 1440 sequuntur,
1762 1396 1857 1431 hanc
1877 1397 2106 1442 compilatio-

183 1472 268 1496 nem
293 1459 332 1494 in
355 1459 470 1494 Italia
494 1457 782 1504 septentrionali
808 1461 928 1493 ortam
953 1469 1030 1493 esse
1055 1456 1215 1501 indeque
1241 1455 1280 1490 in
1299 1455 1471 1490 Raetiam
1498 1454 1641 1490 venisse
1666 1456 1803 1499 putant
1815 1456 1857 1498 Β);
1883 1454 2106 1489 Betbmann-

185 1517 401 1563 Houwegus
425 1518 464 1552 et
488 1519 574 1562 post
598 1528 680 1552 eum
697 1515 863 1561 Wagner
878 1515 918 1550 in
937 1515 1045 1550 Istria
1071 1517 1190 1550 ortam
1214 1525 1291 1549 esse
1310 1513 1438 1548 dicunt
1448 1515 1485 1557 ⁹),
1512 1513 1720 1558 complures
1738 1523 1822 1547 vero
1841 1511 2005 1547 nationis
2024 1512 2106 1547 Ger-

184 1575 354 1611 manicae
377 1574 544 1610 homines
569 1573 680 1616 docti,
706 1574 841 1618 quibus
866 1574 980 1609 etiam
998 1572 1189 1608 Zanettius
1213 1570 1367 1607 Italicus
1393 1583 1430 1607 se
1455 1570 1644 1612 adiunxit,
1674 1582 1754 1605 cum
1781 1569 1951 1605 Zeumero
1977 1569 2108 1615 legem,

185 1633 275 1679 quia
299 1633 462 1669 eiusdem
486 1644 572 1667 usus
596 1631 703 1666 nobis
728 1631 846 1677 primo
877 1631 913 1665 in
946 1630 1119 1675 partibus
1149 1629 1306 1664 Raetiae
1340 1628 1515 1668 occurrit,
1549 1628 1663 1664 etiam
1695 1627 1833 1663 ibidem
1868 1626 2109 1672 compilatam

186 1703 264 1728 esse
282 1691 522 1727 contendunt.
562 1689 634 1725 Sed
654 1689 728 1724 iam
747 1689 843 1724 Salis
870 1688 1026 1734 [ZfRG.²
1050 1688 1114 1725 VI.
1135 1687 1222 1732 155}
1249 1687 1446 1722 dummodo
1471 1697 1524 1728 ea,
1552 1697 1645 1730 quae
1665 1686 1723 1720 lex
1749 1684 1963 1726 contineret,
1991 1685 2108 1721 obser-

185 1751 377 1792 varentur,
410 1749 507 1784 nihil
540 1751 688 1786 obstare
715 1748 828 1789 dixit,
861 1746 1056 1791 quominus
1087 1746 1208 1791 legem
1240 1746 1279 1781 in
1311 1744 1481 1791 partibus
1507 1743 1747 1779 occidentalis
1773 1743 1799 1777 F
1803 1742 1949 1777 ranciae
1983 1746 2110 1778 natam

186 1818 265 1843 esse
294 1811 511 1853 putaremus
544 1811 582 1844 et
613 1807 824 1853 nuperrime
858 1805 1003 1851 collega
1038 1816 1141 1840 meus
1173 1804 1455 1849 Oenipontanus
1479 1801 1663 1836 Voltelini
1690 1800 1847 1846 [IOeGF.
1875 1803 1961 1835 tom.
1988 1800 2110 1845 suppl.

186 1865 250 1907 VI,
277 1867 344 1901 145
356 1866 422 1911 sq.]
452 1866 558 1901 brevi
589 1864 819 1901 documentis
853 1862 1024 1898 omnibus
1057 1862 1221 1897 nondum
1253 1860 1434 1896 adhibitis
1466 1858 1703 1894 adumbravit
1734 1858 1919 1903 epitomen
1949 1859 2110 1892 nostram

187 1922 262 1959 alio
287 1923 369 1959 loeo
401 1927 516 1968 atque
545 1923 583 1958 in
608 1922 744 1958 Raetia
768 1941 813 1946 —
837 1932 957 1965 neque
991 1920 1028 1955 in
1054 1919 1168 1955 Italia
1193 1918 1479 1964 septentrionali
1503 1937 1547 1942 —
1573 1916 1813 1961 compilatam
1845 1926 1921 1950 esse
1954 1915 2110 1959 indeque

186 1981 226 2016 in
248 1981 418 2028 regiones
444 1980 619 2017 Raeticas
643 1980 833 2026 migrasse.
883 1979 962 2021 Quo
992 1978 1074 2014 loco
1104 1990 1145 2013 re
1179 1989 1267 2013 vera
1291 1978 1351 2012 lex
1383 1976 1456 2011 ista
1487 1987 1531 2010 ex
1555 1973 1745 2009 Breviario
1777 1973 1945 2008 confecta
1975 1973 2038 2014 sit,
2073 1972 2112 2007 id

187 2038 305 2074 amico
329 2051 410 2074 meo
434 2038 685 2074 illustrissimo
716 2037 865 2079 aliisve,
898 2037 963 2081 qui
993 2048 1052 2072 me
1085 2035 1269 2071 intentius
1298 2034 1338 2069 in
1362 2033 1527 2068 fontibus
1553 2031 1637 2067 aevi
1661 2031 1883 2065 Francorum
1909 2032 2110 2065 versantur.

187 2097 456 2133 enucleandum
479 2096 659 2141 relinquo.
701 2096 771 2131 Hic
797 2095 836 2130 id
861 2107 973 2130 unum
998 2095 1172 2136 adferam,
1201 2094 1300 2138 quod
1324 2093 1399 2128 iam
1419 2092 1599 2127 Conratus
1627 2090 1667 2135 [1‚
1686 2090 1753 2125 286
1764 2093 1786 2123 ⁹.
1805 2090 1868 2123 ⁴221
1884 2091 1906 2123 ¹.
1925 2090 1989 2123 ‘297
2001 2090 2026 2134 ²]
2053 2100 2110 2123 ex-

187 2155 331 2202 posuit,
365 2154 563 2190 nonnullas
582 2153 692 2199 legis
725 2153 893 2188 rubricas
925 2165 1006 2188 cum
1038 2151 1367 2197 explanationibus
1399 2149 1589 2185 titulorum
1625 2148 1671 2182 ad
1700 2146 1930 2182 Breviarium
1961 2148 2110 2181 auctore

188 2212 362 2249 Zeumero
374 2213 419 2257 ¹⁰)
443 2211 484 2246 in
508 2211 634 2246 Gallia
656 2211 894 2247 meridionali
918 2210 1027 2245 factis
1053 2210 1247 2246 cohaerere
1273 2211 1311 2244 et
1336 2208 1428 2250 alia,
1455 2219 1550 2252 quae
1576 2205 1764 2242 Breviario
1789 2204 1827 2238 in
1852 2203 2112 2249 Francogallia

189 2269 381 2315 adscripta
404 2271 502 2312 sunt,
527 2269 566 2304 in
590 2268 818 2304 conficienda
842 2269 926 2314 lege
945 2267 1113 2303 Curiensi
1140 2267 1404 2302 auctoritatem
1430 2265 1583 2306 dedisse,
1610 2263 1769 2307 denique
1793 2262 1974 2297 rationem
1999 2272 2111 2305 quan-

189 2328 276 2363 dam
298 2327 339 2362 in
363 2326 654 2372 interpretandis
679 2329 717 2361 et
742 2325 980 2371 disponendis
1012 2324 1107 2371 legis
1131 2324 1320 2359 Romanae
1346 2322 1624 2368 Visigothorum
1658 2318 1985 2355 constitutionibus
2017 2317 2113 2353 inter

188 2385 366 2422 formulas
391 2384 621 2420 'turonenses
645 2386 683 2418 et
707 2383 828 2429 legem
854 2383 1064 2418 Curiensem
1087 2385 1251 2417 nostram
1277 2379 1520 2416 demonstrari
1546 2390 1664 2424 posse.

305 2441 424 2477 Huius
448 2441 542 2487 legis
567 2453 634 2487 per
656 2441 830 2477 Raetiam
856 2440 1066 2476 Curiensem
1096 2452 1202 2474 usum
1238 2441 1386 2484 praeter
1415 2437 1509 2472 illud
1534 2438 1798 2472 testamentum
1825 2434 1921 2469 Telli
1947 2432 2112 2479 episcopi

191 2500 387 2541 Curiensifii,
407 2499 510 2535 cuius
526 2499 635 2535 fidem
653 2499 846 2535 Zeumerus
865 2498 1031 2534 defendit
1048 2497 1114 2533 alii
1138 2508 1222 2533 vero
1241 2495 1466 2532 addubitant
1478 2496 1533 2539 ¹¹),
1554 2493 1730 2539 Capitula
1747 2492 1915 2528 Remedii
1934 2491 2112 2531 indicant,

308 2617 336 2657 ¹)
361 2617 412 2650 ed.
437 2618 582 2650 Zeumer
606 2617 643 2649 in
665 2617 712 2648 M.
731 2617 772 2649 G.
790 2616 858 2648 LL.
876 2616 906 2647 V
930 2626 960 2658 p.
981 2613 1048 2647 305
1062 2626 1111 2657 sq.
1138 2632 1180 2636 —
1206 2614 1302 2654 Quae
1331 2624 1369 2646 ea
1395 2613 1435 2645 de
1459 2612 1534 2655 lege
1559 2613 1684 2654 scripta
1709 2616 1805 2651 sunt,
1838 2610 1991 2642 invenies
2022 2608 2113 2650 apud

191 2665 358 2708 Schupfer
372 2662 557 2696 manuale³
582 2665 608 2704 I,
634 2674 666 2706 p.
684 2661 805 2701 189²⁵;
830 2663 972 2702 Zanetti,
998 2663 1047 2694 La
1069 2661 1168 2704 legge
1186 2662 1335 2693 Romana
1359 2659 1618 2692 retica-coirese
1643 2670 1661 2691 o
1687 2658 1825 2690 udinese
1844 2654 1961 2698 (1900)
1982 2667 2013 2698 p.
2031 2654 2050 2687 9
2064 2666 2110 2696 sq.

191 2718 224 2744 et
249 2711 443 2754 nuperrime
467 2709 556 2753 apud
581 2710 625 2742 H.
646 2711 746 2742 Besta
769 2709 805 2740 in
830 2709 905 2741 Riv.
923 2709 959 2740 it.
978 2708 1077 2739 XXX
1103 2713 1136 2739 et
1159 2708 1275 2739 XXXI
1301 2712 1334 2738 et
1357 2706 1499 2738 XXXV.

309 2767 336 2810 2)
361 2767 496 2800 szG.²
520 2768 580 2806 IX,
598 2765 642 2800 36
657 2778 724 2809 sq.;
749 2767 878 2799 Conrat
902 2768 927 2808 1,
945 2763 1028 2806 292;
1055 2765 1189 2797 Zanetti
1218 2762 1297 2805 137;
1324 2763 1463 2796 Halban
1488 2764 1530 2804 ΙΙ,
1550 2760 1616 2794 340
1630 2772 1678 2802 sq.

309 2825 337 2868 ⁸)
360 2826 529 2867 Brunner,
555 2824 788 2868 Grundziige²
813 2823 870 2857 49.

309 2883 337 2926 ⁴)
363 2883 571 2916 Schroeder⁴
594 2880 672 2915 252.

308 2940 336 2984 ⁸)
361 2941 494 2974 Haenel
516 2941 553 2973 in
577 2940 733 2973 Berichte
758 2940 818 2972 der
841 2939 951 2972 sache.
970 2940 1047 2971 Ges.
1066 2939 1125 2978 IV,
1143 2936 1202 2978 86;
1228 2936 1314 2970 Salis
1340 2937 1374 2968 in
1399 2934 1534 2968 szG.²
1561 2935 1617 2974 VI,
1638 2933 1717 2974 1553
1749 2933 1892 2965 Zeumer
1918 2931 1951 2963 in
1977 2930 2113 2964 szG.²

191 2988 251 3027 IX,
273 2986 332 3028 11;
357 2987 486 3020 Conrat
510 2989 536 3027 1,
553 2985 643 3019 286³
667 2992 720 3019 etc

311 3044 338 3087 ⁸)
363 3045 530 3088 Schupfer
552 3044 658 3077 variis
681 3043 781 3083 locis;
807 3043 945 3075 Traube
969 3043 1041 3075 NA.
1067 3042 1209 3083 XXVII,
1228 3039 1307 3073 280.

309 3102 338 3145 ⁷)
363 3102 500 3135 ZfRG.²
524 3103 583 3142 IX,
601 3101 637 3143 93
663 3103 710 3134 M.
730 3102 771 3134 G.
790 3101 858 3132 LL.
875 3100 917 3139 V,
934 3097 1012 3132 297.

312 3159 340 3201 8)
365 3159 543 3203 Schupfer,
564 3157 748 3192 mannale³
767 3159 792 3197 1,
810 3156 872 3189 194
887 3168 952 3199 sq.;
976 3156 1126 3195 Salvioh,
1145 3154 1327 3188 manuale³
1343 3152 1387 3186 64
1401 3159 1480 3194 etc.;
1506 3154 1607 3185 Besta
1624 3153 1658 3184 in
1675 3152 1749 3184 Riv.
1765 3153 1802 3184 It.
1822 3151 1920 3183 XXX
1938 3155 1971 3182 et
1987 3150 2112 3182 XXXI.

311 3218 338 3260 ’)
363 3216 500 3250 ZfRG.²
522 3217 580 3256 IV,
599 3215 654 3250 57.

301 3275 345 3316 ¹⁰)
369 3274 512 3308 ZfRG.²
538 3272 676 3315 1X,27;
701 3274 812 3306 Form.
840 3271 936 3305 148⁶.
962 3289 1006 3294 —-
1029 3271 1098 3304 Cfr.
1123 3271 1225 3304 Sohm
1250 3271 1285 3302 in
1310 3269 1446 3302 ZsRG.²
1471 3271 1495 3310 1,
1515 3267 1607 3301 17¹⁵.

297 3332 344 3374 ¹²)
369 3334 513 3366 Zeumer
548 3330 691 3364 ZfRG.²
727 3331 787 3370 IX,
811 3329 856 3363 36
876 3341 925 3372 sq.
959 3334 991 3361 et
1031 3330 1102 3361 NA.
1135 3329 1242 3367 XXV,
1269 3326 1348 3360 844.
1410 3328 1536 3360 Contra
1570 3325 1753 3367 Schupfer,
1787 3324 1815 3356 Il
1846 3328 2047 3356 testamento
2080 3321 2113 3355 di

194 3379 305 3419 Tello,
330 3380 366 3412 in
387 3379 459 3412 Atti
482 3379 514 3410 d.
538 3389 572 3411 r.
595 3379 656 3410 Ac.
682 3377 735 3410 dei
761 3377 890 3409 Lincei.
938 3376 1054 3408 Classe
1080 3375 1113 3407 di
1138 3375 1269 3407 scieuze
1294 3373 1413 3406 morali
1438 3374 1470 3405 S.
1489 3373 1545 3414 IV,
1571 3373 1610 3404 T.
1629 3371 1720 3412 vm,
1745 3369 1812 3403 320
1823 3381 1872 3412 sq.
