2485 3615
269 2252 324 2285 *E

1136 185 1179 190 --
1228 164 1381 198 LXVIII
1431 184 1474 189 —

339 268 589 314 Eporediensi.
608 290 649 294 —
668 270 725 304 Ad
750 269 914 306 codicem
929 269 1214 314 Eporediensem
1234 279 1343 312 quam
1370 279 1486 313 prope
1510 267 1666 303 accedat
1684 268 1857 304 Cuiacius
1883 269 1920 304 in
1944 269 2107 305 editione
2133 270 2265 316 priore,

338 326 501 362 recensio
534 330 660 362 nostra
692 327 940 363 Theodosi-ani
974 327 1011 361 in
1047 325 1178 370 quavis
1211 325 1351 371 pagina
1384 325 1561 361 declarat.
1617 326 1771 361 Collatis
1804 327 1895 362 locis
1930 327 1967 362 in
2003 328 2070 363 illa
2103 327 2267 363 editione

339 383 498 429 primum
528 384 670 429 publici
701 384 791 419 iuris
821 384 948 425 factm,
981 384 1143 429 demptis
1174 383 1319 419 scilicet
1350 382 1682 418 constitutionibus
1710 383 1749 418 in
1773 385 1989 420 Alariciana
2012 385 2266 421 Iustinianave

338 442 481 487 sylloge
507 442 566 484 (cf.
594 441 691 478 inter
722 442 798 477 alia
830 442 881 483 16,
897 443 926 483 7,
943 443 976 486 7)
1000 441 1256 483 redeuntibus,
1291 441 1358 476 has
1392 441 1628 486 potissimum
1654 441 1890 478 diversitates
1915 443 2013 479 inter
2038 442 2202 479 codicem
2228 446 2266 479 et

339 499 539 535 editionem
566 499 714 545 repperi
739 501 872 534 notatu
898 511 970 534 non
995 499 1106 544 plane
1132 498 1320 545 indignas:

436 580 486 620 16,
501 581 532 620 4,
549 581 578 621 6,
595 582 634 614 *2
683 591 808 615 sacrae
835 579 942 625 legis]
969 579 1019 614 W
1033 579 1122 623 Cui„
1149 592 1274 616 sacrae
1300 579 1345 615 lis
1366 579 1406 614 E

433 637 484 677 16,
500 638 529 678 5,
545 638 574 678 2,
591 637 612 670 2
684 636 888 682 largienda]
912 637 963 671 W
975 636 1066 680 Cui„
1092 636 1296 683 largiendis
1314 637 1353 672 Ε

590 695 646 738 2,,’3
687 694 770 729 loca
795 694 974 739 sepulcris
1000 695 1104 740 apta]
1128 695 1179 729 W
1192 694 1281 739 Cui„
1308 695 1391 730 loca
1417 693 1578 740 sepulcri
1604 696 1696 739 apta
1715 694 1754 728 E

589 752 611 785 4
682 751 791 796 quae]
817 751 860 785 W
875 750 965 795 Oai„
992 763 1162 796 quaeque
1183 752 1219 785 Ε

546 809 576 849 5,
592 808 613 842 6
685 807 871 853 tabificat]
892 808 981 853 Cui,
1008 809 1162 845 abificat
1181 809 1221 844 E

591 866 612 901 8
684 865 862 912 ministri]
887 866 977 910 Cui„
1004 866 1184 902 ministris
1202 867 1242 901 E

433 923 484 964 16,
499 923 529 964 5,
547 923 634 964 12,8
683 923 976 969 quibuscumque
1007 924 1099 959 locis
1125 925 1288 970 paschae
1315 925 1460 970 turbae]
1486 925 1543 969 ΠΤ,
1576 925 1711 970 quibus
1744 938 1855 971 pasce
1888 926 1996 962 turbe
2020 926 2071 970 E,
2102 925 2203 972 agris
2233 926 2270 961 in

683 980 818 1026 quibus
843 981 984 1027 passim
1009 983 1141 1018 turbae
1163 983 1242 1018 Cui.

433 1038 484 1079 16,
500 1039 530 1079 5,
548 1039 599 1077 12,
616 1040 656 1074 *5
684 1039 811 1085 coitio]
837 1040 883 1074 W
896 1040 985 1084 Cui„
1012 1040 1175 1077 coitione
1192 1041 1231 1076 E

433 1097 484 1137 16,
501 1098 531 1138 5,
549 1097 636 1139 13,6
685 1100 751 1134 aut
784 1098 925 1134 nescire
957 1101 1023 1134 aut
1057 1099 1196 1135 discere
1230 1099 1278 1134 sit
1315 1099 1591 1145 dedecorosum]
1618 1100 1664 1135 W
1677 1100 1750 1135 Οιιί.
1772 1100 1840 1144 (cd.
1861 1102 1908 1144 1),
1946 1102 2012 1136 aut
2044 1113 2076 1135 n.
2103 1112 2136 1136 a.
2164 1100 2198 1135 d.
2223 1099 2273 1136 sit

685 1156 899 1192 decorosum
918 1157 957 1191 Ε

433 1212 485 1253 16,
500 1213 531 1254 6,
546 1213 577 1254 2,
595 1213 635 1248 *3
685 1215 987 1260 comprehendet]
1000 1215 1034 1249 L
1048 1216 1170 1260 (quem
1184 1215 1357 1250 Cuiacins
1375 1227 1442 1251 nec
1456 1215 1605 1251 videtur
1617 1215 1777 1260 novisse)
1790 1216 1878 1260 Cetei„
1900 1215 2170 1262 conprehendit
2187 1218 2225 1252 et
2238 1216 2278 1250 E

435 1271 486 1312 16,
500 1271 531 1311 6,
547 1271 577 1312 7,
593 1271 634 1305 *2
687 1272 839 1318 opponi]
857 1273 903 1317 Ε,
931 1273 1071 1319 opponi
1097 1275 1134 1309 et
1161 1275 1285 1309 cetera
1305 1273 1383 1309 Cui.
1407 1273 1457 1308 acl
1481 1273 1620 1308 hiatum
1645 1274 1835 1309 celandam

434 1329 486 1369 16,
502 1329 532 1370 7,
547 1327 579 1370 3,
594 1330 614 1363 5
687 1334 865 1373 secessus]
887 1331 978 1374 Cui„
1002 1343 1191 1367 successus
1208 1332 1248 1366 Ε

433 1386 485 1427 16,
503 1387 532 1427 7,
548 1386 579 1428 3,
595 1387 694 1431 ³⁵12!ss
720 1389 907 1433 praesens]
926 1389 972 1432 E,
998 1388 1190 1434 particeps
1212 1388 1288 1424 Οιιί.

435 1444 486 1485 16,
504 1444 555 1486 10,
570 1445 658 1486 22,2
683 1446 1018 1492 promulgatarum]
1037 1447 1082 1491 E,
1110 1447 1443 1493 pronulegatarum
1469 1447 1594 1492 legum
1615 1446 1692 1482 Oui.

341 1538 377 1570 et
404 1536 434 1571 si
460 1549 533 1581 qua
559 1540 644 1573 sunt
670 1538 807 1574 similia
833 1539 947 1575 etiam
970 1539 1029 1574 his
1052 1539 1237 1581 inferiora,
1264 1539 1389 1575 onmia
1411 1539 1592 1586 originem
1618 1540 1663 1576 de
1681 1540 1894 1576 coniectura
1919 1541 2004 1586 plus
2029 1540 2149 1576 minus
2173 1540 2275 1576 felici

341 1597 407 1629 aut
439 1607 528 1639 prae
560 1608 597 1631 se
623 1595 782 1632 ferentia
814 1600 880 1633 aut
911 1601 1011 1634 certe
1042 1597 1293 1634 admittentia.
1345 1598 1517 1634 Ceterum
1543 1610 1587 1633 ne
1613 1597 1769 1633 nimium
1793 1598 1887 1633 mihi
1912 1609 2109 1640 sumerem,
2141 1599 2189 1634 ad
2214 1610 2277 1634 eas

341 1655 467 1697 partes
493 1653 516 1688 1.
532 1653 628 1696 XVI,
655 1666 746 1698 quas
771 1655 912 1699 primus
938 1655 1056 1691 edidit
1075 1655 1259 1697 Cuiacius,
1285 1655 1364 1691 eius
1389 1656 1568 1692 lectiones
1593 1655 1760 1702 integras
1784 1655 1955 1701 apposui.
1977 1676 2018 1681 —
2039 1656 2145 1692 Addo
2170 1668 2277 1703 argu-

342 1712 508 1745 mentum
540 1723 652 1746 nnum
679 1712 917 1758 desumptum
948 1725 992 1749 ex
1017 1713 1190 1759 partibus
1214 1713 1398 1748 Breviarii
1424 1713 1594 1758 reliquis,
1627 1713 1773 1749 scilicet
1805 1713 1904 1758 quod
1933 1713 1972 1748 in
2004 1713 2277 1759 subscriptione

342 1767 511 1802 novellae
530 1767 787 1804 Valentiniani
811 1770 842 1811 3,
861 1772 875 1806 1
905 1771 1018 1807 verba
1047 1772 1194 1806 recitata
1221 1771 1263 1805 in
1287 1775 1414 1806 senatu
1441 1782 1503 1815 per
1526 1771 1643 1806 virum
1667 1771 1854 1806 inlustrem
1881 1771 2158 1806 Postumianum
2178 1771 2276 1815 prid.

343 1821 387 1858 id.
409 1825 520 1860 Mart.
539 1826 641 1861 edita
666 1839 688 1862 a
707 1827 859 1863 Cniacio
886 1841 917 1864 a.
934 1830 1022 1864 1566
1047 1842 1140 1864 unus
1165 1828 1227 1864 hic
1250 1829 1345 1864 liber
1360 1829 1487 1865 habet.
1507 1849 1547 1853 -—
1568 1829 1657 1865 Post
1675 1828 1869 1864 Cuiacinm
1886 1828 2089 1865 Haenelius
2115 1828 2279 1865 editione

343 1882 516 1918 absoluta
548 1884 701 1921 huiusce
734 1885 873 1921 codicis
904 1886 1081 1922 notit-iam
1114 1899 1136 1922 a
1154 1886 1302 1922 Vesmio
1334 1886 1484 1932 accepit
1508 1889 1637 1931 (const.
1656 1886 1762 1922 Sirm.
1786 1899 1822 1932 p.
1843 1886 1944 1931 411);
1976 1885 2058 1931 ipso
2083 1885 2179 1922 libro
2205 1898 2278 1922 non

344 1943 400 1976 est
424 1953 520 1976 usus.
570 1943 737 1989 Krueger
761 1944 893 1980 deinde
920 1944 1081 1980 cont-ulit
1106 1945 1129 1979 1.
1149 1945 1252 1985 XVI;
1285 1957 1354 1990 ego
1379 1948 1579 1990 postquam
1605 1947 1752 1990 partem
1778 1943 1937 1985 contuli,
1968 1943 2086 1980 totius
2111 1943 2278 1980 Theodo-

343 1997 439 2033 siani
465 2001 655 2046 exemplar
671 2001 1013 2048 photographicum
1039 2002 1169 2048 accepi
1195 2003 1405 2039 confectum
1422 2002 1675 2038 intercedente
1700 2001 1820 2037 amico
1838 2001 1956 2037 Paulo
1973 2001 2132 2042 Giaeosa
2150 2001 2280 2037 Tauri-

344 2056 459 2092 nensi.
487 2078 529 2082 ——
556 2058 856 2105 Subscriptiones
882 2061 1015 2106 plenae
1042 2063 1142 2102 sunt,
1178 2063 1383 2096 extremum
1412 2062 1539 2096 tamen
1563 2070 1672 2095 conss
1699 2060 1795 2095 solet
1825 2058 1961 2095 omitti.
1988 2080 2031 2086 —
2056 2059 2111 2095 De
2136 2058 2280 2095 addita-

344 2114 479 2150 mentis
504 2115 592 2151 hnic
618 2115 713 2152 libro
739 2117 887 2152 insertis
912 2118 950 2152 in
978 2118 1103 2164 capite
1129 2117 1299 2163 sequenti
1325 2117 1533 2154 disseretur.

460 2254 584 2299 Rosny
610 2255 660 2290 Le
679 2256 841 2291 Peletier
857 2256 1029 2292 Rosanbo
1047 2256 1272 2292 marchionis
1298 2257 1412 2292 codex
1439 2258 1477 2292 et
1496 2255 1656 2292 Parisini
1674 2256 1754 2292 Lat.
1769 2256 1859 2292 4406
1886 2267 1972 2301 pars
1998 2254 2100 2300 prior
2123 2255 2146 2290 f.
2169 2254 2281 2290 1-56

347 2312 501 2354 (Haenel
530 2313 569 2347 11
591 2328 633 2342 =
653 2314 705 2349 17.
726 2315 828 2358 1721),
853 2314 959 2350 nobis
980 2314 1112 2360 paucis
1137 2314 1239 2357 locis,
1266 2314 1331 2349 ubi
1358 2314 1436 2349 eins
1461 2314 1686 2350 mentionem
1711 2313 1884 2357 fecimus,
1910 2313 1981 2354 *Ε,
2009 2313 2166 2357 uterque
2191 2311 2280 2347 olim

348 2368 511 2410 Pithoei,
539 2373 639 2412 sunt,
671 2374 713 2406 ut
739 2371 834 2407 vidit
861 2372 1062 2408 Haenelius
1088 2373 1202 2415 (brev,
1226 2385 1261 2418 p.
1280 2373 1376 2417 LII),
1408 2372 1518 2407 unius
1552 2371 1690 2407 codicis
1725 2370 1924 2416 reliquiae,
1952 2382 2108 2415 quarum
2134 2371 2280 2416 partem

346 2425 595 2462 Rosanbinam
615 2428 723 2464 hodie
744 2441 895 2464 accessu
913 2429 1174 2465 difficillimam
1200 2429 1321 2475 ipsam
1345 2442 1416 2465 non
1435 2429 1522 2471 vidi,
1550 2430 1613 2465 sed
1631 2432 1780 2475 praeter
1803 2440 1856 2470 ea,
1883 2440 1978 2473 quae
2002 2427 2067 2473 qui
2083 2439 2167 2464 eam
2185 2427 2282 2462 vidit

346 2484 564 2525 Haenelins,
597 2485 634 2520 in
665 2485 829 2523 editione
860 2487 1044 2522 Breviarii
1069 2487 1154 2523 inde
1180 2486 1354 2533 protulit,
1387 2486 1545 2522 adhibui
1570 2486 1804 2522 enotationes
1829 2486 1939 2531 longe
1965 2484 2152 2530 pleniores
2180 2484 2281 2520 iussu

348 2542 518 2578 Haenelii
545 2546 712 2589 sumptas
737 2556 759 2579 a
777 2545 960 2581 Zenckero
986 2545 1097 2581 hodie
1124 2546 1341 2581 adservatas
1364 2545 1462 2580 inter
1483 2544 1716 2580 Haeneliaua
1741 2543 1997 2580 bibliothecae
2023 2541 2282 2578 universitatis

348 2599 562 2645 Lipsiensis.
613 2602 762 2637 Partem
793 2602 999 2638 Parisinam
1033 2603 1114 2648 ipse
1146 2602 1299 2638 excussi.
1351 2602 1530 2648 Iungendi
1562 2604 1648 2637 sunt
1681 2601 1957 2646 quaterniones,
1990 2598 2175 2636 numerati
2206 2600 2281 2635 fere

348 2669 481 2693 omnes.
508 2657 582 2693 ita:

349 2754 450 2795 quat.
470 2752 575 2787 I—V
601 2752 777 2789 deficiunt

1324 2810 1630 2860 §Theodosianus
1665 2810 1752 2846 inde
1788 2822 1810 2845 a
1847 2811 1879 2852 3,
1897 2810 1928 2851 5,
1947 2809 2019 2849 5,8
2053 2809 2102 2843 rit
2138 2811 2170 2843 ct
2204 2817 2284 2843 cum

349 2840 450 2882 quat.
470 2839 652 2873 VI——XV
679 2855 721 2868 Ξ
749 2839 954 2874 Rosanbini
979 2840 1002 2876 f.
1024 2841 1141 2877 1-‹80
1324 2870 1333 2923 ι
1390 2871 1495 2913 Patre
1518 2872 1669 2904 tutorem
1694 2869 1741 2903 ad
1769 2867 1972 2909 121’12’3
1996 2869 2038 2901 ut
2061 2865 2234 2911 ‘'m-omem

1329 2964 1331 2966 ’
1352 2952 1479 2987 textus
1506 2949 1631 2996 pergit
1651 2948 1794 2994 proprii
1811 2947 1892 2992 (sic)
1917 2946 2078 2982 ciuitatis
2102 2946 2150 2982 ad
2174 2946 2283 2981 finem

351 3007 451 3048 quat.
481 3006 714 3042 xvi-xxi
742 3024 784 3037 z
811 3008 970 3044 Pau-isim
995 3010 1086 3045 4406
1119 3011 1141 3044 f.
1171 3009 1294 3044 1-48
1323 2983 1337 3074 ]
1399 3009 1423 3043 1.
1443 3008 1529 3043 xvi

398 3062 587 3104 (mutilato
619 3064 708 3099 folio
733 3066 754 3100 6
787 3065 1051 3102 constitut-ione
1081 3068 1133 3108 16,
1147 3067 1211 3108 2,1
1247 3066 1294 3101 ad
1354 3065 1647 3101 Constitutiones
1673 3062 1953 3099 Sirniondianae
1982 3061 2075 3097 1—3

400 3121 451 3161 16,
466 3122 530 3161 2‚8
557 3125 622 3158 aut
647 3122 867 3159 imminutae
894 3126 980 3159 sunt
1011 3127 1076 3160 aut
1102 3123 1292 3166 deficiunt)
1323 3099 1535 3204 2Novellae
1554 3120 1755 3157 Theodosii
1772 3121 1819 3156 ad
1837 3119 1896 3156 tit.
1911 3120 1976 3162 3,4
1998 3129 2076 3154 (mm
2093 3117 2283 3162 dispendio

1325 3211 1329 3220 ,
1398 3180 1632 3224 fortunarmn
1656 3179 1769 3223 capite

353 3262 454 3303 quat.
467 3260 740 3296 XXII—XXVI
760 3261 833 3305 (hic
852 3274 914 3298 sex
929 3262 1185 3297 tantummodo
1203 3260 1307 3296 folio-
1328 3263 1336 3310 ς
1355 3259 1536 3294 Novellac
1573 3261 1735 3304 pergunt
1772 3270 1795 3293 a
1833 3257 1943 3293 verbo
1973 3244 2200 3301 puniendum
2235 3255 2284 3290 ad

399 3319 494 3359 rum)
515 3333 555 3346 Ξ
576 3319 734 3354 Rosanb.
762 3321 784 3354 f.
803 3319 963 3354 81--118
1327 3315 1336 3370 ᾖ
1399 3316 1493 3351 NOV.
1520 3315 1718 3351 Maioriani
1746 3316 1775 3357 7,
1791 3316 1810 3349 7
1833 3316 1986 3357 fortasse
2010 3312 2191 3356 desumant

354 3395 455 3436 quat.
475 3394 614 3429 XXVII
640 3393 766 3430 deficit
