2501 3615
961 155 1004 160 —
1054 134 1165 170 CLXI
1215 156 1258 160 —

285 249 404 272 errore
423 239 513 282 puto
538 236 679 272 librarii
707 238 866 272 relatam
892 239 938 272 ad
957 238 1245 278 Constantinum
1274 238 1362 274 item
1390 251 1514 275 omnes
1540 252 1571 274 a.
1590 239 1668 281 363,
1694 240 1808 276 etiam
1826 241 1921 276 diem
1942 241 2080 276 haben-

283 297 339 330 tes
365 294 442 329 eius
467 293 577 329 morti
605 294 856 339 posteriorem.
905 295 974 330 Hic
1001 308 1146 340 quoqne
1179 296 1215 331 ni
1244 297 1354 332 fallor
1379 297 1642 342 compilatores
1667 309 1710 332 ex
1737 297 2071 343 subscriptionibus

283 352 544 397 inscriptiones
569 355 854 398 composuerunt
879 366 950 388 non
976 354 1215 390 attendentes
1241 355 1287 390 ad
1314 367 1433 390 rerum
1462 354 1671 391 veritatem.

146 422 322 446 1ovnmvs
346 410 427 453 (363
454 411 529 445 Iun.
548 410 590 445 21
606 410 731 445 -364
758 411 862 446 Febr.
886 412 952 455 16).

240 467 382 503 Ioviani
408 480 541 504 nomen
567 480 656 512 prae
683 481 720 504 se
746 470 868 504 ferunt
895 469 987 505 dnae
1014 470 1113 504 solae
1141 469 1425 505 constitutiones
1451 470 1528 506 dies
1554 471 1735 507 habentes
1766 484 1799 507 a.
1818 472 1886 507 364
1913 472 2017 507 Febr.
2039 473 2078 507 19

285 528 320 560 et
348 537 379 560 a.
397 526 465 560 :364
491 525 592 570 Sept.
612 526 666 560 27.
711 527 750 560 In
777 538 873 561 anno
900 538 942 562 eo
969 527 1065 562 inter
1092 526 1285 562 Iovianum
1311 531 1348 563 ct
1369 528 1674 564 Valentinianum
1701 528 1958 565 distribuendo
1986 541 2078 564 com-

284 582 463 627 pilatores
489 594 607 627 neque
635 594 738 617 veros
765 583 843 619 dies
869 583 987 619 secuti
1014 587 1099 619 sunt
1127 595 1244 628 neque
1271 597 1381 620 unum
1409 589 1633 623 constanter.

146 651 440 675 vauxxrmmxvs
466 652 478 674 1
504 640 585 681 (364
612 641 716 676 Febr.
735 641 779 675 26
796 662 836 665 -
852 641 918 675 375
946 641 1038 676 Nov.
1062 642 1129 685 17).

238 696 524 732 Valentinianus
551 697 588 732 in
615 698 855 743 praescriptis
886 698 1099 734 nominatur
1133 699 1216 735 inde
1249 712 1268 734 a
1296 699 1355 735 die
1382 701 1449 735 364
1478 701 1554 736 lan.
1575 703 1611 737 11
1641 703 1686 737 ad
1713 715 1744 737 a.
1762 702 1830 737 375
1863 705 2078 738 extremum.

143 766 284 790 varens
308 755 389 798 (364
414 755 522 790 Mart.
543 756 586 790 28
603 777 644 781 -
660 756 726 790 378
754 757 845 801 Aug.
865 756 908 797 9).

237 812 408 848 Valentis
433 824 565 848 nomen
591 813 876 849 constitutiones
909 826 997 859 prae
1024 828 1060 849 sc
1087 816 1210 850 ferunt
1242 814 1326 851 inde
1359 827 1380 850 a
1406 815 1465 852 die
1492 817 1558 851 364
1585 817 1659 852 lan.
1680 819 1718 853 11
1747 818 1794 853 ad
1821 831 1852 853 a.
1869 818 1936 854 378
1963 821 2078 854 extre-

281 882 392 913 mum,
417 869 531 906 etiam
559 870 714 907 emissae
741 873 826 915 post
853 870 951 906 diem
978 871 1117 906 mortis.

142 939 349 963 GRAriAsvs
375 928 457 972 (367
484 929 576 973 Aug.
596 929 639 962 25
659 948 696 953 -
711 928 778 963 383
805 928 899 974 Aug.
917 930 988 973 25).

235 985 456 1021 Gratianum
482 986 664 1030 quomodo
701 986 935 1032 praescripta
960 987 1167 1023 admittant
1194 988 1252 1023 vel
1286 988 1480 1030 omittant,
1519 991 1565 1024 ad
1598 989 1763 1035 singulas
1794 992 2078 1028 constitutiones

281 1044 449 1079 declarat
472 1043 677 1078 laterculus
703 1043 848 1080 tertius.
898 1045 1191 1081 Constitutiones
1222 1058 1254 1081 a.
1274 1046 1341 1081 366
1373 1058 1445 1081 non
1479 1059 1620 1092 paucae
1652 1047 1689 1081 in
1722 1049 1963 1094 praescriptis
1995 1062 2077 1085 eum

279 1101 489 1147 adiungunt
515 1100 694 1147 Augustis
721 1101 880 1143 duobus,
907 1113 1132 1147 quamquam
1159 1114 1202 1138 eo
1227 1114 1322 1138 anno
1348 1102 1428 1149 ipse
1455 1103 1645 1150 Augustus
1677 1116 1748 1139 non
1780 1105 1867 1147 fuit,
1901 1106 2076 1151 quoniam

285 1158 322 1194 in
348 1158 686 1204 subscriptionibus
711 1159 924 1194 nominatur
950 1161 1082 1205 utpote
1110 1161 1238 1196 consul
1264 1160 1343 1196 eius
1368 1161 1466 1196 anni.
1509 1161 1566 1196 Ab
1592 1174 1687 1197 anno
1713 1175 1766 1205 eo,
1791 1176 1863 1208 quo
1888 1164 2078 1210 Augustus

279 1218 400 1252 factus
425 1220 496 1258 est,
531 1216 730 1252 Gratianus
763 1217 800 1252 in
831 1217 1072 1263 praescriptis
1105 1218 1289 1253 nominari
1321 1219 1415 1255 solet
1447 1232 1518 1255 non
1549 1220 1667 1255 solum
1700 1221 1787 1256 dum
1818 1221 1978 1263 advixit,
2014 1222 2077 1256 sed

279 1272 393 1309 etiam
418 1275 504 1319 post
529 1275 684 1310 mortem
710 1285 776 1318 per
801 1286 834 1309 a.
851 1273 920 1309 384
945 1274 1114 1319 exceptis
1141 1275 1399 1311 tantummodo
1427 1277 1757 1313 constitutionibus
1782 1279 1901 1314 tribus
1925 1280 1993 1323 (15,
2010 1281 2040 1320 9,
2060 1281 2074 1314 1

279 1332 318 1366 et
343 1332 431 1366 lust.
452 1332 481 1372 1,
499 1332 550 1369 16,
568 1333 583 1366 1
610 1334 649 1367 et
666 1332 755 1367 Iust.
773 1332 802 1374 1,
815 1333 870 1374 48,
886 1333 934 1374 2),
962 1332 1062 1373 item,
1090 1344 1316 1378 quamquam
1341 1346 1411 1369 non
1439 1334 1494 1370 ita
1520 1338 1741 1378 constanter,
1769 1348 1835 1382 per
1851 1350 1882 1372 a.
1902 1338 1978 1371 385.
1998 1338 2075 1372 386.

278 1389 335 1424 Ab
367 1400 399 1423 a.
426 1388 511 1425 inde
537 1388 604 1424 387
631 1389 779 1425 tollitur
806 1389 976 1426 Gratiani
1008 1402 1160 1432 non1e113
1194 1393 1293 1427 certe
1326 1391 1382 1427 ita
1413 1391 1616 1437 dispositus
1650 1397 1706 1430 est
1738 1394 1872 1430 titulus
1906 1396 1993 1436 12,1
2029 1395 2075 1429 ad

256 1486 258 1488 ,
279 1445 559 1491 compositionis
576 1446 678 1493 leges
696 1446 968 1493 intellegendas
988 1448 1150 1483 omnium
1175 1448 1335 1484 maxime
1362 1451 1484 1495 aptus,
1510 1462 1576 1486 nec
1595 1451 1779 1496 reperitur
1797 1454 1926 1497 postea
1945 1465 2076 1487 nomen

278 1503 414 1540 diserte
440 1503 688 1546 enuntiatum,
715 1517 942 1550 quamquam
969 1518 1035 1551 per
1058 1506 1254 1542 formulam
1283 1506 1370 1541 idem
1388 1508 1506 1541 AAA.
1528 1507 1711 1544 incuriose
1737 1510 1936 1545 admissam
1961 1510 2075 1545 etiam

277 1565 409 1608 postea
441 1562 547 1598 adest
579 1563 708 1605 (3,1,6
742 1583 783 1588 —
816 1565 952 1605 7,1,13
987 1584 1027 1589 -
1058 1565 1136 1607 9,1,
1154 1565 1194 1599 17
1230 1585 1271 1589 —-
1309 1565 1469 1607 12‚13,6
1499 1585 1543 1590 —-
1577 1567 1673 1609 16,5,
1691 1567 1732 1601 14
1764 1588 1807 1592 -
1842 1569 1893 1609 16,
1909 1570 1939 1610 5,
1959 1569 1998 1602 15
2032 1588 2075 1592 —

279 1621 331 1662 16,
345 1622 376 1662 5,
395 1620 437 1655 16
458 1641 500 1644 -
521 1621 724 1665 16,10,10).
750 1641 793 1645 -
821 1621 895 1656 Ubi
920 1621 975 1658 ita
1002 1634 1067 1667 per
1093 1634 1124 1657 a.
1144 1622 1222 1658 384.
1249 1622 1325 1657 385.
1351 1623 1418 1658 386
1447 1623 1646 1659 Gratianus
1673 1624 1807 1667 deficit,
1834 1625 2076 1661 substituitur

277 1677 311 1714 ei
335 1677 528 1713 Arcadius.

138 1747 439 1772 VALENTINIANVS
464 1748 492 1771 Π
519 1736 598 1779 (375
624 1736 719 1772 Nov.
737 1737 781 1771 22
796 1758 838 1762 -
853 1737 920 1772 392
945 1737 1032 1773 Mai.
1054 1738 1122 1779 15).

230 1793 518 1830 Valentinianus
547 1794 582 1828 II
619 1794 656 1829 iu
687 1795 931 1840 praescriptis
960 1795 1175 1831 nominatur
1205 1797 1252 1831 ab
1287 1795 1398 1832 initio
1430 1810 1462 1832 a.
1487 1798 1554 1832 376
1586 1810 1656 1832 non
1690 1798 1806 1833 solum
1841 1799 1887 1833 ad
1918 1801 2074 1833 mortem

274 1863 405 1896 usque,
437 1851 501 1887 sed
527 1851 643 1886 etiam
669 1855 754 1897 post
780 1856 935 1888 mortem
967 1865 1034 1898 per
1059 1865 1091 1888 a.
1109 1854 1178 1888 392
1203 1855 1408 1888 extremum
1435 1857 1471 1890 et
1498 1866 1528 1889 a.
1549 1854 1616 1890 393
1642 1868 1775 1891 nomen
1802 1856 1936 1891 diserte
1965 1868 2073 1891 enun-

275 1907 393 1944 tiatur
420 1909 554 1951 1‚12,4
578 1929 621 1933 -
648 1909 760 1951 2,1,7
786 1929 830 1934 ——
856 1909 994 1951 3,15,1
1024 1930 1064 1934 -
1093 1911 1169 1952 7,4,
1188 1910 1229 1945 18
1254 1931 1298 1935 ——
1325 1911 1354 1952 7,
1370 1912 1437 1954 8,4
1465 1932 1506 1935 —
1535 1913 1564 1954 7,
1579 1913 1646 1954 9,3
1676 1934 1715 1938 -—
1745 1914 1832 1949 lust.
1848 1916 1879 1955 2,
1897 1915 1947 1955 12,
1963 1915 2016 1948 25.

139 1978 360 2002 rmzonosws
385 1979 398 2001 1
424 1967 503 2010 (379
531 1967 607 2002 Ian.
628 1967 668 2001 19
684 1987 727 1991 -
745 1966 811 2002 395
837 1968 913 2002 Ian.
935 1968 1001 2010 17).

230 2024 459 2061 Theodosius
485 2024 592 2060 adest
618 2024 657 2059 in
682 2025 926 2070 praescriptis
952 2026 998 2061 ab
1027 2039 1058 2061 a.
1077 2026 1145 2062 379
1172 2027 1219 2061 ad
1245 2039 1276 2061 a.
1296 2028 1363 2062 394
1390 2030 1604 2064 extremum.
1654 2029 1789 2064 Postea
1815 2041 1932 2074 neque
1960 2030 2073 2064 nomi-

279 2085 392 2118 natur
409 2083 448 2117 in
466 2082 596 2128 paucis
615 2083 947 2119 constitutionibus
970 2083 1112 2120 emissis
1137 2097 1170 2120 a.
1185 2085 1251 2120 395
1279 2098 1320 2120 eo
1340 2085 1538 2121 etiamtum
1557 2086 1641 2122 vivo
1659 2099 1777 2131 neque
1797 2090 1881 2132 post
1900 2090 2071 2128 mortem;

274 2153 360 2176 nam
385 2140 581 2186 inscriptio
602 2142 631 2183 1,
649 2142 700 2182 14,
715 2141 735 2175 2
761 2142 843 2176 tota
869 2144 1045 2187 corrupta
1072 2145 1138 2178 est.
1181 2143 1354 2178 Formula
1374 2156 1521 2188 quoque
1549 2143 1638 2178 idem
1657 2145 1739 2179 AA.
1758 2156 1839 2179 raro
1859 2146 1904 2188 (1,
1921 2146 1951 2186 2,
1971 2146 2012 2179 10
2030 2165 2072 2169 -

272 2199 304 2241 3,
321 2199 350 2241 1,
366 2199 401 2243 7)
427 2198 483 2234 ita
509 2199 633 2244 posita
659 2201 726 2240 est,
752 2201 794 2234 ut
820 2199 867 2234 ad
885 2199 1133 2235 Theodosium
1155 2201 1169 2235 I
1188 2200 1382 2246 perveniat
1409 2213 1540 2244 errore,
1567 2205 1603 2238 et
1630 2201 1683 2237 ibi
1710 2203 1978 2243 tantummodo,
2008 2202 2072 2237 ubi

275 2268 375 2292 error
398 2256 496 2292 redit
521 2257 569 2292 ad
594 2257 772 2293 breviarii
797 2257 1039 2295 ordinatores.

137 2314 318 2359 [xmuvs
343 2314 570 2358 (384—388)
596 2326 669 2350 non
695 2316 912 2361 comparet.]

135 2383 319 2407 ARCADIVS
343 2372 425 2417 (383
450 2372 527 2407 Ian.
549 2373 590 2407 16
605 2393 647 2397 -
661 2373 729 2408 408
754 2373 842 2408 Mai.
864 2375 904 2418 1).

224 2430 295 2465 Per
319 2441 352 2465 a.
367 2430 446 2465 384.
472 2428 551 2465 385.
576 2430 644 2466 386
669 2431 718 2465 ad
734 2431 922 2477 Augustos
941 2432 1249 2468 Valentinianum
1268 2434 1301 2467 ΙΙ
1329 2436 1366 2469 et
1385 2433 1635 2469 Theodosium
1662 2433 1726 2468 ubi
1752 2445 1823 2468 non
1852 2433 2072 2478 adiungitur

271 2487 472 2523 Gratianus
499 2500 531 2523 a.
551 2487 618 2524 383
644 2489 855 2531 defunctus,
890 2489 943 2525 ibi
978 2489 1012 2525 ei
1038 2490 1296 2533 substituitur,
1328 2494 1370 2526 ut
1402 2504 1514 2536 supra
1540 2490 1716 2532 diximus,
1750 2491 1942 2526 Arcadius.
1995 2490 2071 2525 Ali-

272 2545 419 2590 quoties
444 2545 603 2588 (scilicet
628 2546 658 2587 6,
674 2547 728 2588 27,
744 2548 764 2581 5
790 2567 833 2572 -
860 2548 891 2589 6,
906 2548 960 2589 28,
975 2548 996 2582 3
1023 2569 1065 2573 -
1089 2548 1120 2588 8,
1138 2549 1166 2589 7,
1185 2550 1226 2583 16
1248 2570 1283 2574 -
1305 2550 1336 2591 8,
1354 2550 1383 2591 7,
1402 2551 1443 2584 18
1464 2570 1504 2574 -—
1523 2550 1554 2590 9,
1571 2549 1625 2589 27,
1642 2550 1662 2583 6
1687 2550 1745 2592 (cf.
1766 2550 1853 2584 lust.
1872 2551 1903 2589 9,
1919 2550 1973 2590 27,
1987 2549 2008 2583 3
2027 2569 2070 2573 —

270 2604 360 2639 Just.
388 2604 440 2646 11,
455 2605 510 2644 62,
524 2604 558 2648 7)
592 2616 657 2648 per
687 2605 833 2640 eosdem
865 2617 979 2641 annos
1009 2606 1087 2641 384.
1114 2607 1190 2641 385.
1217 2607 1300 2642 386.
1343 2607 1406 2642 ubi
1440 2607 1669 2653 praecedunt
1702 2607 1831 2650 imppp.
1856 2607 2069 2649 Gratianus,

279 2660 561 2697 Valentinianus
586 2666 618 2696 et
640 2661 867 2706 Theodosius)
886 2664 1006 2698 AAA.
1027 2664 1100 2707 (vel
1121 2665 1220 2708 ΔΑ.)
1247 2664 1400 2700 additur
1424 2669 1453 2699 et
1479 2664 1660 2700 Arcadius
1683 2665 1748 2707 A.,·
1772 2665 1835 2700 sed
1861 2664 1962 2699 nullo
1989 2665 2069 2699 loco

274 2719 405 2754 horum
431 2721 609 2763 quattuor
634 2720 886 2765 Augustorum
912 2719 1062 2756 nomina
1095 2721 1231 2757 diserte
1262 2722 1505 2758 enuntiantur
1531 2722 1740 2758 coniuncta.
1791 2723 1846 2757 Ab
1878 2734 1908 2756 a.
1929 2722 1994 2756 387
2021 2722 2068 2756 ad

276 2786 310 2809 a.
327 2775 395 2810 407
428 2776 533 2811 adest
559 2776 754 2817 Arcadius;
781 2776 819 2811 in
850 2789 946 2813 anno
972 2782 1134 2814 extremo
1160 2780 1227 2815 408
1258 2781 1366 2816 modo
1393 2781 1514 2821 adest,
1546 2781 1654 2815 modo
1686 2781 1808 2821 abesa
1841 2780 1945 2814 adest
1978 2779 2067 2814 item

275 2832 314 2867 ‘m
339 2832 483 2868 duabus
509 2833 838 2869 constitutionibus
864 2846 896 2870 a.
914 2836 982 2871 409
1010 2837 1067 2871 vel
1094 2848 1126 2871 a.
1144 2837 1211 2872 412
1238 2838 1282 2880 (9,
1298 2838 1389 2880 37,4
1417 2859 1456 2864 —-
1488 2839 1539 2880 11,
1557 2839 1608 2880 16,
1623 2839 1691 2882 23).

136 2890 328 2935 [nvczmvs
357 2892 577 2936 (392—394)
603 2903 676 2927 non
702 2893 916 2938 comparet]

133 2959 318 2983 noxomvs
345 2949 428 2991 (393
452 2949 546 2984 Νον.
565 2950 749 2984 ‘zo—423
773 2951 867 2996 Aug.
888 2951 955 2995 15).

223 3005 407 3041 Honorius
423 3018 649 3051 quamquam
668 3008 858 3053 Augustus
881 3008 1004 3044 factus
1030 3012 1085 3045 est
1112 3022 1143 3044 a.
1163 3010 1309 3045 demum
1326 3010 1394 3045 393
1420 3010 1452 3044 N
1457 3022 1513 3045 ov.
1532 3011 1586 3051 20,
1614 3010 1650 3045 in
1678 3009 1919 3055 praescriptis
1945 3021 1976 3043 a.
1998 3009 2062 3043 391

271 3066 309 3098 et
326 3063 394 3098 392
410 3064 519 3099 modo
535 3063 783 3105 nominantur,
810 3067 851 3100 ut
870 3077 982 3110 supra
1003 3065 1143 3101 dictum
1169 3070 1234 3107 est,
1255 3066 1540 3101 Valentinianus
1559 3067 1592 3101 ΙΙ
1620 3066 1848 3102 Theodosius
1874 3065 2065 3107 Arcadius,

271 3120 379 3155 modo
410 3120 641 3156 Theodosius
673 3121 855 3157 Arcadius
886 3122 1081 3157 Honorius.
1134 3123 1192 3158 Ab
1227 3124 1344 3158 &1394
1377 3124 1424 3158 ad
1457 3136 1489 3158 a.
1510 3125 1578 3159 423
1614 3127 1817 3158 ext-remum
1852 3126 2066 3159 constanter

271 3177 495 3213 nominatur.

134 3245 355 3270 monoslvs
379 3247 407 3270 11
433 3235 516 3278 (408
540 3236 628 3271 Mai.
651 3238 668 3272 1
697 3237 744 3272 ad
769 3237 902 3281 finem).

224 3292 355 3328 Errore
370 3292 601 3328 Theodosius
619 3294 653 3328 II
670 3294 884 3330 nominatur
901 3308 983 3330 cum
999 3295 1158 3331 Arcadio
1176 3299 1213 3331 et
1227 3296 1389 3331 Honorio
1408 3297 1445 3331 in
1464 3296 1729 3332 constitutione
1748 3310 1780 3333 a.
1792 3298 1859 3332 405
1875 3298 1985 3339 (9,38,
1997 3298 2064 3342 10).

270 3350 312 3384 ln
337 3350 668 3388 constitutionibus
694 3364 726 3387 a.
744 3352 812 3387 408
837 3353 944 3388 modo
971 3354 1088 3395 abest,
1115 3353 1221 3388 modo
1248 3353 1364 3397 adest,
1393 3353 1566 3400 deinceps
1592 3354 1697 3391 adest
1725 3358 1948 3393 constanter.
