2501 3615
299 817 996 882 PROLEGOMENA
1043 816 1141 878 IN
1187 816 1948 879 THEODOSIANVM.

891 1003 1086 1045 CAPVT
1122 1002 1373 1045 PRIMVM.

568 1116 1054 1171 THEODOSIANI
1105 1115 1320 1168 ORIGO
1369 1115 1458 1168 ET
1501 1114 1690 1168 VSVS.

276 1257 347 1293 Per
370 1256 483 1302 longa
508 1255 669 1296 saecula,
696 1253 833 1299 quibus
859 1251 967 1287 stet-it
991 1263 1048 1287 res
1071 1250 1225 1296 publica
1243 1250 1420 1292 Romana,
1446 1250 1504 1285 bis
1528 1252 1677 1285 tantum
1708 1240 1711 1306 l
1736 1253 1838 1303 Qo
1863 1253 2090 1285 Theodosiani

160 1315 264 1361 leges
281 1313 437 1360 publico
454 1313 555 1348 iussu
575 1312 757 1348 collectae
783 1313 868 1345 sunt
892 1311 930 1345 et
954 1309 1224 1355 promulgatae,
1252 1311 1416 1353 tempore
1435 1307 1694 1352 antiquissimo
1711 1308 1849 1344 Romae
1868 1320 1933 1353 per
1949 1309 2088 1344 decem-

161 1370 260 1406 viros
285 1370 432 1416 legibus
457 1369 672 1411 scribendis,
700 1368 910 1404 collabente
936 1366 1093 1412 imperio
1119 1364 1444 1410 Constantinopoli
1469 1376 1536 1410 per
1561 1364 1808 1400 Theodosium
1833 1365 2043 1400 secundum.

277 1437 507 1474 Theodosius
534 1438 579 1473 Π.
611 1436 846 1483 imperatoris
872 1435 1024 1471 Arcadii
1053 1434 1151 1469 filius
1180 1437 1292 1469 natus
1324 1445 1354 1469 a.
1379 1434 1465 1474 401,
1499 1434 1688 1479 Augustus
1720 1435 1865 1469 creatus
1897 1445 1928 1468 a.
1954 1433 2022 1468 402
2053 1436 2090 1468 et

162 1498 247 1542 post
270 1494 392 1542 patris
417 1495 560 1532 obitum
586 1507 618 1530 a.
631 1494 700 1529 408
721 1495 819 1530 solus
838 1493 1041 1539 imperator
1058 1491 1230 1535 Orientis,
1257 1494 1454 1537 postquam
1479 1503 1551 1526 non
1577 1491 1723 1526 nomine
1748 1491 1836 1532 solo,
1863 1491 1926 1526 sed
1948 1502 1986 1525 re
2005 1502 2091 1535 quo-

163 1565 235 1599 que
260 1553 308 1588 ad
332 1564 454 1589 rerum
479 1551 843 1588 administrationem
868 1549 1048 1596 pervenit,
1075 1549 1214 1585 litteris
1239 1548 1472 1594 potissimum
1498 1548 1646 1584 deditus
1671 1550 1708 1584 et
1734 1560 1765 1582 a.
1783 1548 1851 1583 425
1879 1547 2088 1583 Constanti-

160 1611 290 1656 nopoli
326 1610 451 1647 studia
484 1609 658 1645 liberalia
693 1608 881 1645 ordinavit
911 1610 957 1651 (6,
976 1608 1030 1649 21,
1049 1610 1065 1642 1
1085 1627 1130 1633 —
1149 1608 1201 1648 14,
1221 1607 1251 1648 9,
1270 1606 1291 1641 3
1309 1608 1351 1648 —{-
1372 1607 1423 1648 15,
1445 1607 1473 1647 l,
1493 1606 1567 1649 53),
1605 1605 1832 1641 constituens
1867 1605 1964 1640 inter
1998 1604 2091 1640 alios

162 1669 332 1704 doctores
355 1667 507 1714 publice
533 1667 743 1702 nominatos
769 1666 874 1706 (11105,
902 1666 964 1709 qai
988 1665 1078 1699 'iuris
1102 1675 1145 1699 ac
1171 1665 1287 1710 leyum
1308 1664 1484 1706 formulas
1503 1662 1680 1707 pandant,
1707 1665 1745 1697 et
1770 1674 1802 1697 a.
1821 1663 1888 1697 429
1915 1662 2090 1697 constitu-

162 1725 284 1761 tiones
309 1737 332 1760 a
350 1724 594 1760 Constantino
612 1724 697 1759 inde
715 1724 814 1758 latas
832 1722 960 1769 colligi
986 1722 1104 1763 iussit,
1132 1724 1173 1756 ut
1199 1733 1331 1766 corpus
1356 1721 1410 1756 ita
1436 1721 1644 1756 efficeretur
1668 1719 1920 1765 singularibus
1945 1719 2092 1765 legibus

164 1781 467 1819 substituendum
493 1784 538 1825 (1,
556 1783 584 1823 l,
600 1784 620 1817 5
630 1795 638 1823 ;
665 1781 755 1817 item
779 1781 817 1815 in
844 1780 960 1826 gestis
978 1791 1061 1814 mox
1079 1778 1264 1823 citandis),
1292 1790 1409 1822 eaque
1436 1778 1549 1812 iussio
1576 1789 1658 1812 cum
1684 1777 1855 1812 effectum
1879 1788 1951 1811 non
1976 1776 2091 1811 habn-

165 1839 272 1882 isset,
304 1839 459 1876 eandem
490 1843 616 1875 tenore
648 1839 819 1885 paullum
848 1840 994 1873 mutato
1027 1849 1058 1872 a.
1082 1837 1149 1871 435
1183 1835 1363 1881 repetivit
1388 1837 1431 1880 (l,
1453 1837 1481 1877 1,
1500 1836 1543 1880 6).
1592 1834 1766 1870 Dii-cetae
1798 1836 1883 1869 sunt
1913 1833 2091 1868 iussiones

161 1896 263 1942 prior
287 1897 336 1932 ad
359 1908 493 1932 novem
519 1895 616 1931 viros
641 1898 874 1931 enumeratos
899 1894 936 1929 in
963 1893 1228 1929 constitutione
1254 1904 1286 1928 a.
1300 1893 1384 1936 429,
1411 1892 1594 1937 posterior
1618 1892 1665 1926 ad
1691 1890 1867 1932 sedecim,
1893 1903 1983 1935 quos
2009 1902 2091 1925 enn-

162 1956 282 1990 merat
312 1952 532 1989 constitutio
565 1965 597 1988 a.
621 1952 689 1988 435
723 1964 865 1994 01111105,
900 1954 983 1987 octo
1015 1963 1138 1986 eorum
1172 1950 1247 1985 alia
1277 1950 1373 1984 infia
1401 1949 1639 1985 memoranda
1671 1960 1702 1983 a.
1727 1948 1805 1983 438.
1862 1949 1902 1982 [n
1935 1950 2091 1991 utroque

168 2010 328 2056 collegio
358 2004 521 2056 primum
551 2009 674 2046 locum
706 2009 853 2045 obtinet
880 2008 1080 2043 Antiochus
1107 2020 1132 2041 r.
1149 2008 1228 2050 1111,
1262 2006 1384 2041 dictus
1410 2018 1441 2040 a.
1459 2007 1527 2041 429
1560 2017 1603 2041 ea:
1628 2009 1808 2050 quaestore
1832 2008 1864 2039 et
1891 2004 2093 2048 praefectus

166 2068 269 2112 (nam
284 2067 343 2102 ita
360 2067 618 2112 scribendum),
644 2079 675 2102 a.
689 2067 757 2102 435
780 2066 1040 2110 praefectorius
1065 2075 1108 2099 ac
1132 2064 1338 2107 consularis,
1365 2075 1396 2098 a.
1412 2063 1480 2098 438
1506 2074 1550 2098 ca:
1567 2063 1748 2107 praefecto
1772 2072 1814 2096 ac
1837 2061 1997 2104 consule5
2021 2060 2093 2095 fuit

168 2125 380 2170 praefectus
403 2125 592 2170 praetorio
617 2124 818 2159 sec-undum
843 2123 1026 2169 rescripta
1050 2124 1151 2158 certa
1168 2122 1212 2166 (9,
1226 2122 1282 2163 45,
1295 2122 1318 2155 4
1331 2141 1375 2146 —-
1392 2121 1444 2162 11,
1460 2121 1514 2162 20,
1532 2120 1569 2161 6;
1596 2121 1685 2154 Iust.
1703 2120 1731 2160 1,
1747 2119 1801 2160 50,
1815 2119 1835 2153 2
1855 2089 2006 2153 dubium
2025 2118 2095 2161 est)

164 2193 197 2218 a.
218 2181 298 2218 430.
314 2181 393 2224 431,
419 2182 546 2217 00115111
572 2181 778 2216 ordinarius
804 2193 836 2216 a.
854 2181 932 2215 431.
974 2179 1070 2215 Huic
1096 2178 1263 2214 adiuncti
1289 2181 1374 2212 sunt
1397 2181 1559 2222 quaestor
1582 2178 1676 2212 sacri
1693 2176 1828 2220 palatii
1851 2187 1879 2210 v.
1898 2175 1958 2209 inl.
1977 2186 2009 2209 a.
2026 2174 2094 2209 429

164 2239 362 2274 Antiochus
392 2239 503 2280 alter,
542 2251 574 2274 a.
598 2239 666 2273 435
694 2239 881 2281 Eubulus;
915 2237 1006 2273 item
1038 2237 1203 2281 magister
1232 2235 1417 2269 memoriae
1450 2246 1476 2268 ι·.
1501 2245 1553 2279 sp.
1587 2246 1618 2269 a.
1642 2234 1709 2268 429
1746 2232 1970 2271 Theodm·us,·
2004 2231 2094 2267 item

165 2297 328 2342 magistri
350 2297 566 2331 scriniorum
598 2308 645 2331 rr.
664 2308 714 2341 sp.
741 2307 772 2331 a.
789 2296 856 2331 429
883 2295 954 2330 duo
981 2294 1164 2329 Euclicius
1188 2296 1225 2328 et
1250 2292 1445 2335 Eusebius,
1478 2304 1510 2326 a.
1527 2292 1595 2326 435
1621 2302 1744 2326 omnes
1769 2292 1946 2334 quattuor
1970 2288 2095 2322 Maxi-

163 2354 295 2398 minas,
318 2353 499 2400 Epigenes
522 2354 568 2397 (a.
586 2353 654 2388 438
678 2354 841 2398 mayister
857 2353 1069 2396 memoriae),
1095 2350 1288 2393 Diodorus,
1306 2349 1503 2393 Procopius
1528 2350 1573 2392 (a.
1591 2348 1659 2383 438
1683 2348 1852 2392 magister
1873 2347 2093 2389 libellorum).

165 2412 222 2446 Ad
245 2411 314 2447 hos
338 2411 660 2453 administrantes,
687 2423 842 2456 quorum
867 2413 1059 2455 tamquam
1085 2407 1278 2454 provincia
1310 2410 1405 2443 essct
1436 2418 1523 2441 cura
1548 2406 1687 2452 legum,
1719 2405 1899 2440 accedunt
1930 2415 2002 2438 nou
2033 2403 2094 2438 ad-

165 2467 423 2504 ministrantes
460 2467 499 2502 in
533 2468 694 2515 collegio
732 2481 764 2504 a.
787 2469 853 2503 429
887 2471 1065 2512 quattuor
1091 2466 1275 2501 Iohannes
1306 2476 1333 2499 r.
1357 2475 1405 2508 sp.
1439 2474 1482 2498 ex
1510 2462 1712 2508 primicerio
1744 2462 1837 2496 sacri
1871 2461 2019 2495 cubiculi
2049 2459 2094 2502 (is

170 2525 269 2561 enim
299 2528 356 2560 est
386 2525 506 2560 ‘comes
536 2526 649 2560 nostri
681 2525 874 2569 sacraris),
910 2525 1085 2559 Comama
1117 2525 1155 2558 et
1180 2521 1345 2556 Eubulus
1376 2521 1422 2563 (a.
1446 2520 1513 2554 435
1548 2520 1711 2564 maqister
1742 2518 1936 2561 memoriae)
1969 2528 2016 2551 vr.
2041 2527 2094 2561 sp.

165 2593 210 2618 ex
236 2582 419 2628 magistris
451 2583 680 2627 scriniorum,
714 2583 857 2628 Apelles
887 2582 1129 2624 scholasticus,
1164 2579 1201 2614 id
1226 2582 1283 2615 est
1313 2577 1536 2617 causidicus;
1572 2576 1610 2610 in
1636 2575 1794 2621 collegio
1820 2586 1851 2610 a.
1869 2574 1938 2609 435
1970 2574 2094 2609 decem

171 2639 398 2674 Maximinus
422 2650 450 2674 r.
467 2639 532 2674 inl.
549 2649 592 2674 ea:
606 2643 788 2683 quaestore
812 2640 905 2674 sacri
924 2639 1076 2684 palatii,-
1103 2637 1329 2681 Sperantius,
1349 2636 1462 2669 Mart
1451 2645 1552 2680 flius
1570 2634 1615 2676 (a.
1629 2634 1660 2667 4
1659 2632 1698 2667 38
1717 2633 1906 2676 quaestor),
1930 2631 2094 2676 Alypius,

169 2696 421 2739 Sebastianus,
447 2695 697 2740 Apollodorus,
731 2696 934 2731 Theodotus
965 2697 1012 2739 (a.
1029 2696 1096 2730 429
1128 2695 1292 2739 mayz'ster
1315 2693 1534 2735 memoriae),
1568 2691 1673 2725 Eron
1702 2701 1749 2723 vv.
1771 2700 1820 2732 sp.
1847 2688 1986 2723 comites
2015 2698 2094 2722 con-

167 2753 368 2795 sistorianif
393 2753 547 2788 Erotius
570 2763 670 2798 2281).
695 2763 739 2788 ex
761 2754 902 2788 vicariis
926 2753 1019 2787 iuris
1043 2752 1177 2795 doc-eom
1202 2750 1390 2786 N·eotev=ius
1416 2761 1442 2784 r.
1457 2760 1508 2793 sp.
1527 2768 1568 2774 —
1587 2747 1808 2782 Absolutum
1831 2748 1886 2781 est
1910 2757 2000 2790 opus
2026 2745 2094 2779 fine

167 2822 200 2846 a.
217 2809 302 2852 437;
335 2821 423 2845 nam
448 2810 609 2846 Faustus
635 2810 845 2855 praefectus
872 2810 1005 2846 Italiae
1030 2809 1068 2845 in
1094 2808 1210 2855 gestis
1235 2806 1398 2843 laudatis
1423 2809 1550 2841 narrat
1582 2816 1676 2840 anno
1714 2802 1916 2848 superiore,
1951 2800 2095 2836 scilicet

167 2867 248 2908 437,
278 2866 454 2912 ‘peractis
482 2866 638 2912 nuptiis‘
661 2866 760 2902 inter
777 2867 1085 2903 Valentinianum
1109 2866 1318 2910 Augustum
1348 2866 1385 2899 et
1410 2862 1614 2897 Eudoxiam
1641 2859 1839 2896 Theodosii
1870 2858 1985 2894 filiam
2016 2859 2094 2900 (eac

170 2923 295 2960 factae
320 2925 407 2959 sunt
431 2923 491 2960 die
509 2924 590 2959 Oct.
609 2924 652 2959 29
677 2924 876 2959 secundum
895 2923 1026 2959 Chron.
1045 2922 1132 2958 min.
1146 2923 1166 2956 2
1185 2934 1219 2967 p.
1235 2922 1304 2964 79),
1331 2932 1413 2955 011111
1438 2932 1511 2955 una
1535 2921 1656 2955 essent
1675 2915 1997 2960 Constantinopoli
2023 2915 2094 2949 duo

167 2980 346 3026 Augusti,
371 2980 618 3017 Theodosium
651 2980 722 3016 sibi
754 2981 943 3026 exemplar
968 2978 1216 3015 Theodosia-ni
1244 2977 1406 3023 corporis
1436 2989 1502 3012 sua
1531 2988 1643 3011 manu
1676 2974 1871 3010 tradidisse
1896 2972 2092 3007 ‘directum

167 3037 361 3082 utriusque
386 3038 681 3084 praeceptione’,
713 3038 802 3074 item
835 3039 994 3074 alterum
1025 3037 1167 3073 dedisse
1200 3035 1391 3081 praefecto
1421 3033 1608 3080 praetorio
1634 3031 1805 3068 Orientis.
1855 3031 1987 3074 Itaque
2013 3041 2096 3064 cum

168 3094 207 3129 in
231 3093 364 3130 iisdem
387 3094 504 3140 gestis
528 3097 751 3130 memoretur
775 3105 907 3139 corpus
933 3092 1213 3138 comprobatum
1239 3102 1317 3127 esse
1342 3090 1457 3126 etiam
1481 3090 1528 3125 ab
1554 3090 1776 3134 imperatore
1802 3086 2024 3127 Occidentis,
2052 3097 2096 3119 ea

166 3163 226 3188 res
254 3155 343 3188 acta
377 3155 434 3188 est
466 3152 564 3189 inter
596 3154 819 3198 praesentes.
875 3151 1047 3187 Ostendit
1078 3150 1192 3186 etiam
1224 3148 1531 3184 constitutionum
1566 3146 1798 3181 novellarum
1833 3144 1886 3188 (id
1921 3146 1977 3178 est
2012 3145 2096 3187 post

167 3208 466 3245 Theodosianum
490 3210 721 3254 emissarum)
740 3208 1078 3245 Theodosianarum
1097 3218 1181 3242 vere
1203 3206 1334 3252 prima,
1360 3217 1454 3250 quae
1479 3203 1589 3239 hodie
1614 3203 1726 3239 tertia
1752 3204 1975 3241 numeratur,
2003 3199 2092 3233 data

168 3277 201 3301 a.
213 3265 282 3301 438
306 3266 384 3302 Ian.
398 3266 440 3302 31
468 3269 554 3303 ante
579 3279 663 3302 eum
688 3266 786 3302 diem
811 3265 1109 3302 Theodosianum
1134 3275 1200 3309 pro
1225 3263 1396 3298 absoluto
1423 3262 1595 3297 habitum
1621 3259 1740 3294 fuisse.
1791 3257 2009 3293 Publicatus
2035 3258 2092 3291 cst

169 3333 201 3358 a.
228 3322 375 3359 demum
397 3322 466 3358 438
492 3323 596 3359 Febr.
618 3317 660 3360 15
686 3336 752 3369 per
777 3323 895 3369 legem
922 3335 1014 3365 eam,
1041 3332 1137 3367 quae
1163 3320 1339 3365 seqnitur.

307 3380 450 3416 Timon.
474 3380 502 3414 I.
1800 3384 1822 3406 A
