2501 3615
927 155 971 161 ·-—
1021 133 1139 171 XLIII
1187 155 1230 161 —

121 239 157 275 k.
175 238 243 275 Iul.
265 250 298 274 a.
319 239 405 274 1559
432 236 587 284 (prodiit
613 238 830 284 Luguduni.
864 239 1087 276 Destournes
1119 252 1151 275 a.
1176 240 1334 284 eodem),
1366 238 1528 275 scribens
1561 238 1696 275 librum
1725 252 1809 276 eum
1831 239 1913 276 ‘hoc
1947 241 2055 276 anno’

122 297 194 333 sibi
220 296 486 343 perlegendum
512 295 655 331 dedisse
684 296 915 332 Ludovicum
942 297 1122 333 Miraeum
1148 297 1347 333 habentem
1374 309 1456 332 eum
1483 297 1653 343 Lugduni
1679 300 1718 332 et
1741 297 1944 334 editionem
1976 299 2053 334 eius

123 358 329 401 parantem.
371 354 453 399 Ipse
485 365 630 398 quoque
656 353 817 389 Miraeus
843 354 879 389 in
906 355 1139 400 praefatione
1165 355 1213 389 ad
1239 354 1423 390 Iulianum
1447 365 1479 389 a.
1501 355 1625 394 15601)
1652 354 1707 389 ait·
1732 354 1946 400 propediem
1974 367 2054 400 pro·

123 413 288 449 diturum
305 423 383 447 esse
401 411 566 446 codicem
584 410 612 445 T
617 411 884 446 heodosianum
903 412 1098 458 integrum,
1126 425 1198 457 qno
1226 412 1405 457 promisso
1431 424 1501 447 non
1527 412 1635 448 stetit
1660 412 1773 457 paulo
1800 416 1883 457 post
1909 412 2055 448 defunc-

123 474 194 506 tus.
242 468 410 513 Denique
435 468 577 513 ‘Myrei'
603 468 789 514 appellari
817 468 952 504 librum
980 481 1000 504 a
1021 469 1216 504 Francisco
1246 469 1400 504 Pithoeo
1426 469 1523 505 circa
1550 481 1582 504 a.
1603 470 1691 504 1584
1716 469 1810 504 infra
1839 469 2055 506 videbimus

124 526 343 563 PrOdierunt
369 537 464 570 quae
491 526 528 560 iu
554 538 596 561 eo
622 526 721 561 libro
748 531 894 561 servata
923 530 1005 561 suut
1033 526 1193 571 primuni
1222 528 1360 562 21.1.566
1384 526 1421 561 in
1448 527 1609 572 corporis
1627 527 1876 562 Theodosiani
1894 527 2056 563 editione

125 583 343 627 Cuiaciana,
375 583 413 618 in
443 582 547 618 cuius
572 583 807 628 praefatione
834 584 955 619 editor
980 583 1033 618 ait
1070 583 1183 618 libros
1212 584 1271 618 Vl.
1294 585 1371 618 vll.
1394 585 1480 618 vlll
1504 584 1688 620 ‘inventos
1719 587 1757 620 et
1782 584 1950 629 proditos
1981 597 2057 620 esse

126 654 149 678 a
165 641 356 687 Stephano
374 639 583 686 Charpino'.
630 641 733 676 Hunc
762 641 880 676 virum
902 646 1040 685 prestre
1066 641 1109 675 dc
1135 642 1168 675 Ia
1197 642 1273 676 ville
1299 642 1340 676 (Ic
1357 641 1459 687 Lyon
1486 641 1693 677 Ludovicus
1711 642 1820 677 Iacob
1847 641 1883 676 in
1909 653 2058 678 recensu

126 699 439 735 bibliothecarum
451 700 477 742 ²)
504 699 636 734 scribit
663 699 920 734 bibliothecae
946 711 1033 734 suae
1062 699 1274 743 catalogum
1303 699 1460 735 edidisse
1479 699 1648 745 Lugduni
1674 712 1706 735 a.
1727 701 1814 734 15:35
1840 699 2058 745 inscriptum

123 755 313 793 ‘studiosis
346 758 493 791 tantum
526 756 785 801 Lugdunensis
814 756 992 792 eeclesiae
1019 756 1211 791 fratribus'
1236 769 1344 800 (1119111
1372 758 1585 802 catalogum
1604 757 1762 791 Parisini
1788 756 1898 792 amici
1923 757 2059 792 frustra

127 813 400 859 quaesiverunt.
441 813 614 849 Codicem
643 826 729 849 num
756 814 792 848 in
819 825 862 849 eo
887 814 1122 851 recensuerit,
1150 813 1294 859 ignoro;
1321 814 1512 849 inventum
1537 827 1613 850 esse
1633 815 1668 849 in
1686 814 1917 850 bibliotheca
1935 815 2059 859 aliqua

127 871 364 919 Lugdunensi
391 871 451 906 vix
479 870 633 906 dubium
661 874 760 913 este)
810 871 899 906 Post
925 870 1152 916 Charpinum
1187 871 1355 915 pervenit
1390 871 1503 907 codex
1533 872 1579 906 ad
1605 871 1839 907 Franciscum
1866 871 2062 907 Pithoeum

128 933 164 966 et
190 929 270 966 eius
295 929 391 965 dono
417 929 464 964 ad
489 928 614 964 fratris
631 928 748 963 filium
766 928 917 963 Petrum
939 927 1146 969 Pithoeuni,
1174 932 1269 964 teste
1296 929 1539 974 inscriptione
1566 929 1651 964 libri
1677 930 1766 965 hac:
1791 929 1854 964 leoc
1878 930 2062 964 wtnstissi·

127 998 224 1022 mum
253 987 433 1031 exemplar
463 987 635 1021 librorum
661 985 722 1020 VI.
748 985 823 1019 VII
847 989 878 1019 ct
904 985 1007 1020 VIII
1033 985 1158 1020 codicis
1180 986 1433 1030 'l'heodosicmi‚
1467 998 1535 1030 quo
1562 999 1586 1020 r.
1604 998 1629 1021 c.
1658 987 1803 1021 Iacobus
1825 987 1995 1022 Guiacius
2024 987 2064 1020 in

127 1044 262 1080 edendo
284 1055 321 1079 eo
346 1044 433 1079 ἶῶνο
457 1055 545 1078 usus
567 1046 626 1085 est,
650 1042 745 1077 dono
770 1042 855 1076 mihi
877 1042 970 1077 dedit
998 1054 1024 1077 r.
1039 1053 1065 1077 c.
1084 1043 1306 1078 Franciscus
1323 1043 1491 1078 Pithoeus
1511 1048 1666 1088 patruus
1691 1056 1788 1079 (ιηηο
1817 1050 1905 1079 1620.
1955 1044 2065 1089 Apud

129 1102 281 1138 Petrum
307 1101 505 1137 Pithoeum
531 1099 696 1136 codicem
726 1099 922 1145 usurpavit
949 1100 1105 1135 Iacobus
1129 1100 1377 1136 Gotliofredus
1405 1103 1439 1143 (ji
1460 1102 1561 1145 1653)
1590 1113 1670 1136 euin
1698 1101 1835 1147 passim
1860 1114 2065 1138 memorans

129 1159 169 1195 in
202 1158 366 1196 editione
398 1160 484 1204 post
516 1157 594 1194 eius
630 1157 775 1193 obitum
810 1157 1005 1203 publicata
1044 1170 1075 1193 a.
1097 1159 1194 1193 1665.
1244 1158 1474 1194 Hereditatis
1506 1158 1583 1194 iure
1610 1171 1629 1194 a
1657 1159 1823 1195 Pithoeis
1848 1160 1994 1195 delatus
2019 1160 2065 1194 ad

128 1216 361 1253 marchiones
377 1215 502 1261 Rosny
526 1216 571 1251 de
588 1215 761 1251 Rosanbo
791 1217 990 1261 postquam
1019 1216 1120 1261 apud
1146 1228 1207 1252 eos
1232 1216 1295 1251 diu
1321 1216 1445 1257 latuit,
1473 1216 1644 1252 auctione
1671 1217 1718 1252 ab
1744 1217 1802 1251 his
1826 1217 1945 1262 partis
1971 1217 2066 1253 codi-

130 1287 215 1311 cum
244 1273 438 1316 instituta,
473 1276 515 1309 ut
540 1272 726 1308 ducissam
756 1273 800 1308 de
833 1273 946 1318 Berry
974 1272 1206 1309 adiuvarent.
1234 1273 1271 1308 in
1297 1286 1338 1310 eo
1365 1274 1538 1319 catalogo
1564 1274 1631 1309 sub
1657 1275 1794 1309 112383
1820 1275 1967 1311 adiecta
1993 1275 2067 1320 pic-

130 1336 215 1369 tura
244 1331 433 1367 indicatus
464 1333 612 1376 emptus
637 1334 693 1367 est
727 1343 759 1366 a.
782 1331 869 1366 18:37
897 1343 918 1366 a
943 1330 1178 1366 bibliotheca
1202 1331 1355 1376 publica
1383 1331 1560 1366 Parisina.
1587 1353 1631 1357 —
1657 1331 1768 1367 Cuius
1793 1332 1930 1368 aetatis
1955 1333 2067 1367 codex

130 1389 198 1432 sit,
227 1391 271 1425 ut
299 1388 338 1424 in
367 1389 448 1425 eius
476 1388 622 1435 generis
655 1388 761 1424 libris
798 1389 910 1425 certis
936 1389 1166 1435 argumentis
1191 1401 1272 1424 raro
1299 1388 1443 1424 definiri
1470 1392 1610 1434 potest,
1643 1389 1697 1425 ita-
1727 1394 1880 1435 propter
1905 1403 1947 1425 ea
1973 1402 2067 1434 quae

131 1447 228 1482 infra
259 1446 430 1482 dicentur
462 1446 506 1482 de
532 1446 829 1492 proprietatibus
856 1446 1094 1482 litteraturae
1124 1450 1162 1482 et
1189 1446 1480 1492 orthographiae
1510 1446 1604 1481 nihil
1637 1447 1761 1483 obstat
1787 1447 1983 1492 quominus
2009 1448 2069 1482 ad-

131 1504 300 1551 signetur
323 1503 355 1539 si
378 1515 452 1540 non
475 1503 547 1550 ipsi
574 1504 723 1540 saeculo
748 1504 890 1548 quinto,
915 1507 1014 1540 certe
1040 1504 1221 1549 sequenti.
1265 1504 1457 1549 Specinicn
1485 1504 1691 1550 scripturae
1717 1505 1895 1541 dederunt
1921 1508 2069 1550 praeter

132 1561 349 1608 catalogum
372 1573 486 1607 supra
511 1562 720 1608 allegatum
745 1562 770 1596 I.
790 1562 830 1596 B.
858 1562 1038 1597 Silvestre
1059 1562 1312 1607 paleoyraplzie
1339 1563 1540 1596 zmil-caselle
1567 1561 1735 1604 (Parisiis
1762 1563 1863 1607 18:39)
1890 1563 1966 1598 tab.
1987 1563 2068 1603 109;

131 1619 323 1665 Augustus
355 1619 399 1654 de
431 1620 592 1655 Bastard
622 1620 812 1664 peintures
843 1623 874 1654 et
906 1623 1110 1654 ormrmcnts
1143 1619 1204 1654 des
1236 1620 1450 1654 „maresc-riis
1476 1620 1621 1661 (tab.4‚
1654 1631 1748 1664 quae
1774 1621 1903 1655 tabula
1929 1619 2068 1665 prodiit

133 1689 166 1712 a.
187 1676 294 1718 1846;
319 1677 364 1712 cf.
390 1677 434 1713 de
451 1677 627 1713 Bastardi
654 1689 764 1723 opere
789 1677 911 1712 Neues
933 1677 1067 1712 Arclciz·
1094 1677 1164 1712 vol.
1180 1678 1200 1711 8
1227 1678 1374 1722 114520
1400 1676 1672 1722 Zangemeister
1696 1680 1734 1713 et
1750 1677 2006 1712 Wattenbach
2032 1677 2069 1712 in

134 1733 314 1780 exemplis
339 1746 451 1780 supra
475 1746 511 1780 p.
525 1734 682 1769 XXXIX
705 1734 834 1770 citatis
852 1734 970 1778 (1876)
989 1735 1065 1769 tab.
1082 1735 1142 1775 25;
1169 1734 1306 1770 Delisle
1332 1735 1361 1768 le
1385 1734 1518 1768 cabinet
1543 1734 1601 1768 cles
1626 1735 1838 1768 manuscrits
1860 1734 1900 1769 cle
1923 1735 1960 1769 Ia
1978 1734 2069 1769 Bibl.

133 1792 315 1827 nationale
345 1791 513 1835 (Parisiis
540 1792 641 1837 1881)
680 1793 757 1828 tab.
777 1793 812 1833 73
849 1792 1067 1837 [Berthaud]
1103 1792 1295 1835 sacsimiles
1325 1791 1366 1826 clc
1390 1792 1603 1826 manuscrits
1627 1818 1635 1827 .
1654 1818 1662 1826 .
1681 1820 1687 1826 .
1707 1819 1714 1826 .
1741 1792 1882 1836 expose's
1913 1793 2005 1826 (lans
2036 1793 2069 1826 Ia

131 1850 268 1896 qulem'e
292 1850 484 1885 Mazarine
513 1850 682 1893 (Parisiis
713 1850 815 1894 1901)
842 1850 919 1885 tab.
941 1851 994 1885 11.
1021 1870 1064 1874 —
1092 1850 1232 1890 Codex,
1266 1849 1329 1893 qui
1354 1852 1477 1885 utrum
1504 1853 1610 1895 gesta
1635 1850 1810 1885 habuerit
1835 1861 1966 1891 necne,
1999 1861 2071 1884 non

135 1907 255 1954 magis
278 1906 400 1952 liquet
424 1919 536 1952 quam
569 1911 693 1943 utrum
726 1907 901 1944 habuerit
928 1908 1227 1944 Theodosianum
1263 1908 1448 1953 integrum
1477 1920 1522 1942 an
1548 1907 1644 1942 solos
1669 1907 1783 1942 libros
1809 1910 1892 1942 octo
1918 1907 2070 1952 priores,

136 1964 247 2001 hodie
273 1966 421 2001 constat
438 1965 749 2015 quaternionibus
773 1967 871 2009 (cum
896 1965 1063 2001 ternione
1089 1978 1161 2001 uno
1179 1965 1311 2009 XLVI)
1339 1965 1700 2000 XXXIII—XLVIII
1726 1964 1884 2000 numeris
1910 1969 2073 2001 extremo

136 2023 220 2059 loco
251 2022 420 2069 signatis.
475 2022 613 2068 Incipit
645 2023 675 2065 6,
690 2023 722 2064 2,
739 2023 781 2058 12
818 2023 855 2057 in
889 2023 1001 2058 verbo
1034 2024 1158 2069 leyatu.
1214 2022 1409 2059 Perierunt
1443 2022 1529 2057 folia
1561 2025 1756 2066 quattuor,
1787 2026 1888 2067 quat.
1916 2023 2073 2057 XXXIV

135 2079 266 2116 folium
292 2080 447 2116 tertium
471 2080 755 2125 (interciderunt
776 2081 807 2123 6,
823 2082 855 2123 4,
870 2080 915 2116 33
940 2085 1025 2126 post
1051 2081 1162 2117 verba
1188 2082 1231 2115 in
1251 2081 1433 2125 peioribus
1453 2081 1683 2125 praetoribus
1707 2092 1801 2124 quae
1827 2080 2075 2124 sequebantur

137 2138 187 2173 ad
209 2137 319 2174 finem
349 2137 489 2181 tituli);
522 2142 624 2184 quat.
644 2138 839 2173 XXXVIII
871 2138 1003 2173 folium
1035 2141 1178 2174 sextum
1210 2138 1413 2183 (perierunt
1448 2137 1484 2172 in
1516 2138 1605 2172 LVI
1635 2140 1798 2173 extremo
1824 2149 1918 2182 quae
1950 2149 2073 2182 seque-

137 2194 275 2230 bantur
302 2197 388 2240 post
419 2195 543 2232 11113.ὃὸ
567 2196 628 2230 1.1
661 2207 737 2230 non
769 2196 811 2230 in
843 2196 963 2239 aliquo
994 2199 1032 2232 et
1062 2195 1151 2231 libri
1184 2195 1335 2241 septimi
1367 2195 1508 2239 index);
1541 2197 1643 2239 quat.
1669 2195 1823 2229 XLVIII
1854 2196 1876 2229 f.
1903 2196 1918 2229 1
1952 2195 2075 2237 (inter-

137 2251 307 2288 ciderunt
331 2252 363 2296 8,
382 2254 424 2289 15
451 2253 601 2289 rubrica
635 2256 673 2290 et
700 2253 989 2289 constitutiones
1022 2256 1105 2299 post
1139 2253 1325 2289 rubricam
1350 2265 1445 2297 quae
1472 2253 1723 2297 sequebantur
1755 2252 1913 2297 aliquot)
1939 2255 1976 2287 et
2001 2252 2025 2286 f.
2043 2253 2074 2287 8:

137 2308 267 2354 itaque
291 2310 528 2356 abrumpitur
553 2311 668 2347 codex
697 2311 735 2346 in
762 2311 927 2347 eiusdem
953 2311 1208 2356 quaternionis
1234 2313 1258 2346 f.
1278 2312 1297 2345 7
1324 2311 1457 2346 lacero.
1507 2311 1547 2344 111
1581 2322 1622 2346 eo
1649 2310 1746 2346 enim
1777 2322 1846 2345 non
1880 2314 2075 2355 supersunt

138 2366 211 2401 nisi
241 2367 453 2413 fragmenta
484 2368 795 2404 constitutionum
829 2369 860 2411 8,
878 2369 1013 2411 18‚5.6
1045 2381 1088 2404 ex
1121 2369 1247 2404 antica
1280 2372 1315 2404 ct
1349 2369 1448 2410 8218,
1468 2369 1496 2402 7.
1514 2369 1534 2401 8
1568 2380 1610 2402 cx
1643 2366 1804 2412 postica,
1838 2367 1989 2401 verbum
2019 2378 2076 2401 ex-

138 2426 299 2460 tremum
327 2424 440 2461 hodie
465 2428 521 2460 est
546 2426 578 2468 8,
595 2427 647 2468 18,
664 2427 696 2468 8,
713 2428 777 2462 *12
805 2427 1140 2473 [amplleetenfflnj.
1191 2426 1336 2462 Priores
1367 2426 1475 2471 plura
1507 2425 1597 2459 folia
1627 2436 1699 2459 non
1730 2423 1941 2458 habuerunt
1967 2434 2078 2467 quarn

141 2484 273 2518 extant
296 2482 424 2523 hodje;
458 2486 536 2519 tam
563 2484 737 2520 Cuiacius
764 2497 876 2530 quam
905 2484 1153 2520 Gothofredus
1178 2486 1366 2520 testantur
1391 2483 1555 2518 codicem
1581 2481 1761 2526 incepisse
1788 2481 1835 2515 ab
1861 2480 1941 2525 ipso
1967 2480 2078 2515 verbo

139 2539 250 2575 hodie
281 2539 402 2586 primo
436 2544 474 2577 et
500 2540 750 2578 Gothofredus
778 2545 980 2588 praeterea
1007 2542 1137 2578 scribit
1165 2542 1330 2577 codicem
1356 2541 1457 2576 finire
1488 2540 1524 2575 in
1554 2539 1734 2575 vocabulo
1759 2537 1867 2573 hodie
1893 2539 2078 2582 postremo

139 2597 398 2642 ampledemia5
429 2597 485 2634 ita
516 2598 613 2634 enim
645 2600 928 2636 adnotationem
966 2601 1044 2636 eius
1077 2600 1333 2645 accipiendam
1361 2611 1437 2634 esse
1464 2597 1630 2633 dubitari
1655 2608 1727 2632 non
1758 2598 1891 2641 potest.
1942 2596 2079 2630 Lacera

142 2666 288 2700 quoque
319 2655 429 2694 hodie
461 2655 552 2691 folia
583 2657 752 2702 pleniora
786 2671 897 2703 quam
930 2670 1027 2694 nunc
1058 2662 1143 2693 sunt
1174 2669 1292 2702 neque
1319 2657 1498 2692 Pithoeus
1529 2654 1663 2690 habuit
1695 2656 1794 2697 (nam
1819 2652 2079 2688 adnotationes

142 2712 357 2758 adscriptae
382 2713 430 2748 ad
455 2714 669 2759 exemplum
696 2715 752 2751 ed.
771 2715 995 2752 Cuiacianae
1023 2728 1055 2751 a.
1075 2716 1164 2751 1566
1190 2726 1414 2760 quamquam
1446 2726 1518 2749 non
1549 2724 1670 2758 pauca
1695 2711 1835 2747 habent
1862 2714 2011 2756 sumpta
2036 2722 2078 2744 ex

144 2769 217 2805 hoc
241 2769 379 2812 codice,
405 2781 460 2812 ea,
488 2773 531 2806 ut
556 2771 720 2808 ostendit
749 2776 955 2818 apparatus
980 2776 1114 2814 noster,
1141 2774 1325 2817 quatenus
1352 2773 1452 2807 certo
1469 2770 1742 2816 intelleguntur
1758 2779 1881 2804 omnes
1907 2769 2079 2813 spectant

261 2875 288 2919 ¹)
312 2876 486 2910 Praefatio
509 2876 558 2909 ita
582 2876 674 2909 finit:
704 2874 847 2916 ‘valete,
882 2877 1045 2919 Lugduni
1076 2876 1167 2911 15ϋο
1191 2877 1258 2910 kal.
1282 2877 1431 2920 Augusti
1462 2887 1504 2908 ex
1530 2875 1668 2908 officina
1691 2873 1937 2910 Tornaesiana,
1972 2882 1989 2904 e
2015 2883 2081 2914 qua

143 2921 292 2965 prodibit
317 2922 511 2965 propediem
542 2922 604 2955 deo
630 2924 766 2955 favente
791 2923 901 2956 codex
925 2924 1183 2956 Theodosianus
1208 2924 1341 2965 integer
1380 2934 1452 2955 una
1482 2933 1560 2954 cum
1591 2931 1730 2963 corpore
1760 2920 1844 2952 iuris
1868 2918 1979 2951 civilis
2009 2918 2081 2960 pari

143 2968 341 3010 integritate
365 2973 399 3000 et
422 2968 601 3011 diligentia
625 2966 804 3002 restituto'.
845 2969 1002 3002 Editione
1019 2970 1164 3002 Ausonii
1186 2970 1364 3002 Vinetiana
1389 2966 1509 3010 (15:38)
1538 2968 1703 2999 insertum
1728 2971 1777 2998 est
1802 2965 1922 2997 Miraei
1947 2975 2081 2997 carmen

142 3014 261 3047 datum
285 3014 336 3047 acl
360 3013 572 3056 Stephanum
598 3014 812 3056 C'lzarpinum
837 3014 983 3048 Ausonii
1001 3021 1127 3057 poetae
1153 3015 1374 3048 adsertorem.
1430 3014 1550 3046 Paullo
1576 3020 1651 3056 post
1675 3013 1840 3044 Miraeum
1867 3011 1990 3043 obiisse
2015 3010 2080 3042 col—

142 3060 276 3103 ligitur,
301 3061 391 3094 sicut
413 3060 592 3094 admonuit
607 3061 783 3103 Girardus,
809 3073 851 3094 ex
868 3062 1082 3104 praefatione
1100 3062 1332 3095 Tornaesiana
1357 3060 1399 3093 ad
1418 3060 1599 3103 Theophili
1616 3059 1805 3091 versionem
1823 3057 2080 3089 Institutionum

143 3106 288 3150 repetita
309 3107 347 3139 in
370 3107 517 3140 editione
541 3107 663 3140 Reitzii
688 3118 720 3150 p.
741 3106 838 3140 1159.

265 3163 293 3206 ²)
326 3163 463 3197 Traicte
484 3163 544 3196 des
561 3163 646 3206 plue
670 3164 772 3197 belles
797 3165 1041 3206 bibliotheques
1058 3165 1240 3206 publiques
1265 3169 1294 3196 el
1312 3163 1552 3205 particulieres
1576 3162 1633 3204 qui
1657 3167 1715 3194 0712
1738 3160 1804 3194 eslc'
1826 3165 1857 3193 et
1880 3159 1938 3202 qui
1961 3164 2038 3192 sont
2060 3170 2082 3191 α

138 3214 282 3252 present
306 3209 397 3243 dam
421 3210 452 3242 le
475 3210 598 3243 monde
622 3210 762 3243 Parisiis
791 3210 880 3244 1644
906 3223 940 3254 p.
959 3209 1036 3244 666.
1085 3211 1246 3243 Notitiam
1272 3209 1350 3242 libri
1375 3210 1480 3242 debeo
1501 3209 1653 3242 Girardo.
1702 3207 1856 3240 Conferri
1888 3206 2010 3249 poterit
2042 3205 2082 3238 de

145 3255 320 3300 Chai-pino
342 3257 470 3300 Niepee
495 3256 542 3289 les
566 3255 803 3298 bibliotheques
829 3256 874 3290 de
895 3257 997 3300 Lyon
1024 3256 1137 3300 (Lyon
1163 3255 1266 3297 1876)
1291 3267 1324 3298 p.
1343 3254 1405 3288 571
1421 3266 1489 3297 seq.

263 3311 294 3354 ⁸)
317 3313 477 3347 Codieem
507 3313 654 3346 Ausonii
675 3313 788 3346 'hodie
820 3314 1087 3357 Lugdunensem
1114 3314 1321 3346 Vossianum
1352 3313 1427 3345 Lat.
1453 3312 1510 3345 fol.
1536 3311 1599 3344 111
1631 3316 1717 3344 teste
1748 3309 1958 3352 praefatione
1988 3308 2084 3341 Eliae

146 3359 263 3394 vineti
285 3359 480 3402 Charpinus
511 3360 635 3393 habuit
664 3359 844 3392 inventum
880 3371 911 3392 a.
939 3359 1030 3393 1558
1059 3360 1222 3403 Lugduni
1254 3360 1290 3391 in
1320 3358 1454 3392 insulae
1484 3358 1655 3391 Barbarae
1685 3356 1839 3390 coenobii
1864 3355 2082 3388 bibliotheca.

1761 3423 1805 3447 c*
