2485 3615
1112 150 1154 156 -
1203 130 1359 165 XXXIV
1407 150 1450 156 —

322 232 417 267 tium
448 232 628 269 electione
663 233 830 269 collectis
860 233 952 268 haec
985 243 1080 277 quae
1115 235 1291 278 excerpta
1322 235 1407 269 sunt
1438 234 1496 268 vel
1529 233 1678 270 clariori
1707 234 2016 280 interpretatione
2042 234 2236 281 conposita

323 290 591 325 venerabilium
617 290 873 336 episcoporum
899 291 956 326 vel
981 291 1183 326 electorum
1208 289 1495 335 provincialium
1519 293 1725 327 nostrorum
1749 292 1939 328 roboravit
1964 293 2148 329 adsensus
2188 292 2237 328 Et

322 347 421 389 ideo,
450 348 649 383 secundum
674 347 923 393 subscriptum
949 347 1085 382 librum
1110 347 1174 391 qui
1200 346 1237 381 in
1264 347 1448 383 thesauris
1472 348 1606 384 uostris
1630 349 1791 384 habetur
1815 350 1979 391 oblatus,
2005 350 2141 386 librum
2165 349 2237 386 tibi

322 416 389 449 pro
414 404 664 451 discingendis
689 405 851 450 negotiis
876 407 1002 440 nostra
1027 404 1135 440 iussit
1161 404 1358 440 clementia
1384 404 1576 447 destinari,
1608 407 1650 441 ut
1678 405 1782 442 iuxta
1807 407 1885 442 eius
1909 407 2041 443 seriem
2064 407 2235 443 universa

323 473 515 496 causarum
549 461 717 508 sopiatur
746 461 904 498 intentio
940 473 1006 496 nec
1039 461 1142 496 aliud
1174 461 1393 506 cuicumque
1425 465 1491 498 aut
1525 463 1568 499 de
1600 463 1747 510 legibus
1777 468 1843 501 aut
1874 465 1919 501 de
1943 465 2021 501 iure
2051 464 2166 501 liceat
2199 464 2235 499 in

323 518 595 564 disceptatione
614 530 827 564 proponere,
854 518 926 553 nisi
952 519 1049 563 quod
1076 519 1208 555 directi
1234 519 1320 555 libri
1345 523 1382 555 et
1407 520 1610 566 subscripti
1633 520 1703 556 viri
1728 522 1947 567 spectabilis
1969 522 2104 558 Auiani
2128 534 2239 558 manu

323 575 374 609 sic
399 578 440 610 ut
465 575 637 611 iussimus
663 576 750 611 ordo
777 575 1035 622 conplectitur.
1088 576 1285 613 Providere
1311 589 1397 623 ergo
1423 580 1461 613 te
1488 577 1676 619 convenit,
1709 580 1750 613 ut
1780 578 1818 613 in
1843 579 1920 614 foro
1945 582 2009 615 tuo
2034 580 2138 615 nulla
2163 579 2240 614 alia

322 632 381 667 lex
407 644 526 677 neque
551 633 642 668 iuris
672 634 830 668 formula
862 633 1017 679 proferri
1043 634 1102 669 vel
1132 634 1250 680 recipi
1280 637 1548 681 praesumatur.
1599 635 1703 676 Quod
1735 635 1766 670 si
1798 636 1939 672 factum
1970 638 2125 673 fortasse
2158 649 2241 672 con-

323 690 478 732 stiterit,
512 693 577 726 aut
602 691 649 726 ad
674 690 880 736 periculum
907 691 1044 737 capitis
1069 691 1125 727 tui
1151 695 1217 728 aut
1242 693 1289 727 ad
1315 692 1550 738 dispendium
1574 694 1722 728 tuarum
1747 692 1932 738 pertinere
1955 693 2101 731 noveris
2125 693 2239 729 facul-

323 748 456 782 tatum.
505 748 610 783 Hanc
636 760 721 784 vero
747 748 1049 794 praeceptionem
1073 749 1225 786 directis
1250 749 1355 786 libris
1380 750 1552 786 iussimus
1577 751 1794 792 adhaerere,
1819 752 1861 787 ut
1884 751 2074 787 universos
2099 751 2240 787 ordina-

322 803 434 840 tionis
459 807 605 841 nostrae
631 807 669 841 et
696 804 897 852 disciplina
921 808 1049 843 teneat
1074 810 1112 844 et
1137 819 1256 854 poena
1282 807 1523 855 constringat.

436 872 741 918 Recognovimus.

435 940 519 976 Dat.
539 941 610 976 IIII
634 954 719 978 non.
738 943 824 979 Feb.
851 955 946 980 anno
973 945 1078 980 XXII
1103 944 1245 981 Alarici
1270 945 1368 992 regis
1395 945 1562 982 Tolosae.

321 1080 340 1114 7
368 1082 566 1116 electionem
584 1085 628 1116 24
691 1085 863 1127 excerpta]
888 1091 1024 1119 excerta
1041 1088 1091 1117 27.
1109 1088 1166 1127 43,
1191 1097 1247 1118 ex-
1279 1084 1282 1129 1
1318 1088 1362 1118 24
1455 1087 1571 1119 aniani
1607 1084 1763 1129 (anniani
1793 1090 1841 1119 11.
1865 1089 1915 1119 27.
1939 1089 1994 1120 43.
2018 1085 2101 1128 44³¹)
2139 1097 2242 1119 manu

322 1133 421 1171 cepta
438 1131 493 1162 24.
511 1133 567 1162 44.
584 1133 627 1162 64
644 1130 706 1170 Al,
731 1131 858 1174 scripta
875 1135 922 1164 11.
940 1134 992 1164 29.
1005 1134 1057 1165 37.
1072 1133 1120 1165 38
1190 1132 1247 1165 uel
1317 1130 1452 1174 (manus
1483 1135 1538 1165 24.
1565 1135 1619 1166 38.
1645 1132 1716 1175 64)]
1754 1134 1899 1166 anianus
1923 1135 1965 1166 29
2088 1131 2130 1165 13
2154 1143 2243 1166 com-

322 1185 384 1207 om.
403 1178 451 1207 11.
469 1177 513 1208 38
586 1176 726 1210 clariore
751 1180 798 1209 11.
816 1179 869 1210 24.
890 1180 943 1211 29.
962 1180 1014 1211 37.
1032 1180 1095 1219 38,
1127 1178 1246 1210 clario-
1318 1177 1490 1222 plectitur]
1516 1180 1761 1222 complectetur
1785 1179 1829 1222 N,
1854 1180 2033 1222 complecti
2057 1182 2128 1212 44⁸
2201 1183 2241 1211 ut

321 1231 391 1253 rem
407 1223 452 1253 64
521 1222 829 1266 interpretationem
847 1226 891 1256 64
977 1222 999 1256 8
1023 1225 1188 1257 absensus
1205 1226 1248 1257 38
1319 1235 1382 1257 om.
1399 1226 1446 1258 38
1570 1225 1612 1257 14
1637 1227 1784 1268 proferre
1809 1228 1864 1258 24.
1882 1227 1937 1259 29.
1957 1227 2000 1258 38
2083 1223 2154 1268 uel]
2184 1225 2242 1258 uel

367 1271 401 1299 et
431 1278 495 1300 om.
516 1270 559 1300 64
663 1268 684 1302 9
709 1270 897 1302 secundum
926 1281 987 1302 om.
1006 1273 1058 1304 27.
1078 1272 1130 1303 43.
1151 1274 1196 1303 44
1218 1276 1249 1303 et
1318 1275 1380 1303 aut
1397 1274 1433 1303 11
1444 1271 1466 1302 ¹.
1481 1273 1532 1304 29.
1546 1272 1598 1304 38.
1612 1273 1655 1304 64
1728 1270 1844 1315 recipi]
1862 1272 1974 1314 recipe
1992 1273 2044 1314 24,
2068 1272 2136 1304 reci
2152 1273 2196 1304 38

323 1313 401 1345 libri
424 1313 611 1356 Aeqz‘diani
638 1321 775 1357 praeter
800 1315 884 1348 Par.
904 1319 992 1350 4696
1077 1317 1247 1359 subscrip-
1319 1317 1347 1349 si
1373 1315 1514 1360 factum]
1541 1319 1670 1350 factum
1696 1318 1724 1350 si
1751 1317 1787 1359 S,
1813 1318 1842 1350 si
1866 1318 1949 1350 sacti
1974 1321 2010 1350 11
2086 1315 2240 1360 fortasse]

322 1357 408 1401 tum]
427 1361 588 1403 scriptum
603 1361 645 1393 N
693 1362 819 1395 librum
839 1374 902 1394 om.
912 1365 956 1396 38
1012 1361 1083 1405 qui]
1102 1374 1191 1405 quae
1205 1365 1248 1395 24
1319 1364 1404 1396 forte
1426 1367 1475 1396 11.
1492 1366 1537 1396 29
1650 1363 1694 1396 15
1718 1368 1780 1396 aut
1802 1364 1845 1396 ad
1869 1361 1952 1406 pern]
1977 1368 2014 1397 at
2037 1364 2081 1396 ad
2105 1374 2172 1406 per.
2188 1365 2241 1404 43,

367 1405 551 1450 thesauris]
570 1408 696 1440 tabulis
710 1408 817 1441 Titius
827 1408 1055 1451 Ouiac.(text.)
1109 1407 1246 1451 nostris]
1319 1414 1390 1441 tam
1414 1410 1456 1442 ad
1481 1421 1550 1452 per.
1567 1409 1608 1441 N
1672 1410 1716 1442 ad
1733 1408 1831 1452 disp]
1857 1411 1942 1452 disp.
1959 1413 1998 1442 11
2060 1408 2240 1452 pertinere]

321 1456 454 1485 nostros
481 1452 530 1494 N,
569 1466 630 1487 om.
649 1457 698 1486 27.
725 1457 780 1488 43.
808 1459 853 1487 44
876 1455 925 1487 A1
954 1455 1061 1487 Titius
1089 1455 1248 1488 Cuiacz‘us
1320 1454 1357 1488 S.
1375 1457 1419 1488 24
1444 1456 1518 1497 soli,
1544 1467 1608 1489 om.
1625 1455 1670 1489 N.
1689 1459 1736 1488 11.
1754 1458 1800 1488 28
1824 1461 1854 1488 et
1879 1456 2012 1498 reliqui,
2036 1456 2137 1488 eliam
2159 1456 2241 1498 Aeq.

321 1497 432 1540 (temt.)
502 1498 657 1542 habetur]
684 1501 851 1534 habeatur
873 1501 937 1534 24²
1009 1502 1159 1544 oblatus]
1178 1499 1246 1534 NS.
1326 1501 1393 1533 Til.
1414 1501 1486 1534 Cui.
1582 1500 1624 1534 16
1649 1500 1749 1545 hanc]
1774 1502 1867 1534 hunc
1891 1504 1935 1535 38
2003 1503 2243 1545 praeceptione

322 1548 370 1576 11.
387 1546 506 1578 2427.
521 1547 575 1579 38.
590 1549 643 1579 43.
658 1551 703 1579 44
720 1548 780 1588 Αἱ,
811 1548 943 1580 ablatos
956 1545 997 1589 (22)
1012 1549 1064 1586 37,
1095 1549 1247 1582 oblatum
1320 1550 1370 1580 27.
1389 1548 1441 1580 38.
1460 1550 1506 1580 43
1587 1546 1737 1591 directis]
1763 1548 1899 1581 derictis
1923 1550 1978 1589 29,
2009 1548 2163 1581 disrectis
2187 1551 2242 1589 44,

325 1589 483 1623 Oziiacius
495 1590 650 1636 (marg),
666 1594 829 1626 collectus
847 1593 953 1626 Titius
969 1594 1126 1627 Cuiaeius
1139 1594 1247 1637 (text.)
1319 1594 1438 1627 directi
1463 1596 1505 1626 24
1591 1593 1699 1635 libris]
1725 1594 1803 1627 libri
1827 1594 1935 1627 secuti
1959 1596 2003 1627 24
2088 1594 2244 1627 adhereri

367 1635 505 1680 librum]
522 1639 631 1672 librus
649 1642 701 1680 24,
722 1651 785 1672 om.
798 1643 848 1672 27.
863 1642 916 1674 43.
930 1638 1000 1673 44¹³
1018 1645 1049 1673 et
1066 1641 1249 1683 Aeyidz'ani
1320 1643 1368 1672 11.
1386 1643 1437 1673 29.
1455 1642 1507 1674 38.
1526 1643 1568 1673 64
1645 1640 1830 1674 uniuersus
1854 1641 1896 1674 N.
1914 1643 1966 1673 24.
1987 1643 2048 1680 64,
2071 1641 2243 1673 uniuersis

322 1683 462 1723 quidam
486 1689 516 1716 et
546 1684 653 1718 Titius
677 1691 709 1718 et
728 1686 887 1719 Oaiacias
972 1684 1046 1729 tibi]
1072 1687 1195 1729 reliqui
1218 1693 1249 1720 et
1319 1690 1367 1718 11.
1388 1688 1431 1719 29
1518 1684 1617 1727 1611'17
1643 1687 1872 1720 ordinationes
1888 1689 1933 1719 24
2016 1684 2059 1719 18
2082 1697 2244 1730 recogno-

323 1739 363 1760 eae
388 1728 588 1772 Aeyz‘clianis
619 1731 703 1764 Par.
724 1735 823 1771 4696,
854 1729 1005 1775 goiarici'
1020 1734 1152 1766 comitis
1183 1732 1246 1774 (al.
1318 1733 1431 1765 vimus
1447 1731 1476 1765 S
1488 1733 1580 1765 solus
1603 1738 1634 1766 et
1655 1733 1734 1766 inde
1750 1732 1910 1766 Cuiacius
1977 1733 2103 1765 subscr.
2121 1733 2245 1766 habent

323 1776 445 1808 comite
468 1777 520 1808 vel
543 1778 674 1820 comiti)
694 1778 880 1820 Aeqidiani
895 1779 1068 1821 plerique,
1098 1780 1247 1823 goiarico
1320 1778 1392 1811 NS.
1412 1782 1459 1811 11.
1477 1781 1528 1811 29.
1547 1781 1590 1812 38
1611 1780 1676 1812 soli
1782 1778 1824 1812 19
1848 1777 1931 1822 dat]
1954 1778 1989 1820 S,
2014 1779 2083 1812 dat.
2101 1779 2166 1812 sub
2190 1779 2244 1811 die

323 1821 438 1853 comiti
475 1822 585 1856 Tilias
611 1823 769 1857 Ouiae-ius
799 1823 907 1866 (tea-t.)
934 1825 1179 1867 interpolantes
1317 1825 1441 1867 reliqui
1464 1830 1496 1857 et
1514 1825 1585 1862 Oai,
1656 1823 1718 1869 iiii]
1744 1826 1780 1858 iii
1796 1825 1838 1858 N
1900 1822 2003 1868 anno]
2030 1836 2139 1858 annos
2154 1826 2199 1858 38

325 1865 368 1899 10
391 1868 633 1913 discingendis]
659 1871 701 1910 N,
731 1871 982 1914 distinguendis
1008 1872 1045 1905 S.
1059 1874 1113 1912 24,
1138 1873 1247 1905 discu-
1319 1870 1404 1914 xxii]
1429 1871 1490 1903 xxi
1521 1872 1600 1915 leyit
1629 1872 1687 1914 qui
1720 1872 1757 1904 in
1792 1871 1903 1904 codice
1933 1870 2158 1913 Luqdunemi
2179 1872 2245 1905 303

323 1914 446 1947 tiendis
470 1913 539 1956 (-tis
556 1916 613 1957 38)
638 1920 685 1949 11.
706 1919 761 1950 29.
779 1919 830 1950 37.
848 1919 898 1950 38.
919 1920 962 1950 64
980 1918 1070 1951 Pitk.
1089 1917 1144 1959 (ex
1160 1918 1195 1960 2)
1219 1924 1249 1951 et
1318 1918 1715 1962 scripsitpraefate'onem
1727 1915 2245 1960 novellarum(Haenelp.255):

323 1970 363 1991 ea:
394 1959 595 2003 Aeqidianis
625 1963 739 1996 Paris.
762 1966 849 1997 4696
881 1969 911 1997 et
938 1964 1095 1997 Ouiacius
1119 1963 1247 2006 (1586),
1318 1975 1442 2008 corpus
1460 1963 1761 2005 (Theodosianum)
1779 1968 1897 2007 postea
1909 1964 2164 2006 Visigothorum
2184 1974 2244 1996 rex

324 2006 563 2049 distringendis
588 2011 638 2042 27.
657 2012 709 2042 43.
729 2013 775 2043 44
791 2015 821 2043 et
838 2010 1023 2053 Aegidiani
1040 2011 1198 2053 plerique
1219 2017 1248 2043 et
1318 2011 1474 2043 Alaricus
1498 2012 1581 2043 XXI
1612 2011 1707 2054 regni
1739 2011 1792 2043 sui
1820 2021 1910 2042 anno
1933 2020 2107 2052 unacum
2134 2010 2244 2054 ponti-

327 2052 391 2085 Til.
413 2053 483 2086 Cui.
503 2054 617 2096 (1566)
704 2054 756 2099 ut]
782 2062 815 2089 et
839 2059 882 2089 24
968 2055 1141 2100 uniuersa]
1172 2058 1247 2089 uni·
1318 2057 1441 2090 ficibus
1471 2062 1505 2090 et
1535 2057 1766 2090 sacerdotibus
1792 2056 2032 2098 nobilibusque
2056 2056 2140 2088 viris
2165 2056 2244 2089 sub—

322 2110 499 2132 uersarum
536 2101 720 2144 Aeyidiani
755 2103 876 2145 plures
1004 2102 1045 2135 11
1079 2102 1246 2146 sopiatur]
1319 2104 1434 2136 tractis
1459 2104 1537 2144 illis,
1563 2115 1649 2146 quae
1674 2104 1787 2135 minus
1812 2103 1910 2135 utilia
1931 2102 2066 2145 populis
2082 2102 2244 2135 videban-

322 2145 480 2187 supiatur
505 2150 543 2179 11
552 2147 574 2188 ¹,
613 2149 772 2181 subiatur
796 2151 853 2189 24,
893 2149 1100 2192 suscipiatur
1124 2149 1185 2182 11²
1318 2154 1383 2189 tur,
1410 2151 1445 2182 in
1463 2150 1669 2182 CLXXVIII
1686 2150 1795 2182 titulis
1813 2148 2065 2192 compendiavit
2126 2148 2245 2181 alarici

321 2189 397 2233 nec]
423 2203 464 2224 ne
488 2194 540 2226 38.
561 2197 604 2226 64
627 2200 657 2227 et
681 2206 722 2227 eae
740 2195 822 2237 Aegy.
840 2195 954 2227 Paris.
972 2198 1057 2228 4696
1134 2194 1243 2238 aliud]
1318 2196 1407 2238 regis
1444 2194 1583 2238 tolosae]
1616 2196 1643 2228 S
1669 2195 1758 2236 Cui„
1798 2199 1960 2238 regnante
1996 2194 2115 2227 alarici
2154 2194 2245 2237 regis

321 2237 425 2270 alium
457 2242 504 2272 11.
531 2242 581 2273 29.
608 2242 655 2273 38
747 2243 1016 2284 cuiuscumquae
1047 2245 1089 2274 24
1187 2247 1248 2274 aut
1319 2241 1466 2282 (alaricis
1490 2242 1549 2284 38)
1585 2243 1693 2275 tolosa
1722 2241 1784 2282 (-se
1809 2241 1860 2284 11)
1887 2244 1935 2273 11.
1953 2242 2004 2273 29.
2021 2242 2080 2281 38,
2113 2240 2246 2273 tholosa

323 2283 363 2315 de
400 2284 478 2327 leg]
517 2292 575 2319 aut
611 2287 676 2330 leg.
704 2287 746 2320 N.
769 2290 826 2327 37,
863 2289 1003 2320 audient
1038 2288 1104 2331 leg.
1131 2289 1178 2320 38
1318 2293 1481 2330 regnante
1517 2289 1644 2322 alarico
1680 2299 1759 2331 rege
1793 2287 1833 2319 N
1934 2287 2017 2319 add.
2053 2291 2087 2319 et
2122 2287 2245 2320 iterum

323 2334 384 2362 aut
407 2331 447 2363 de
463 2332 549 2374 iure]
576 2333 694 2365 audire
711 2336 754 2366 38
848 2333 890 2366 12
915 2345 1101 2377 proponere
1125 2346 1188 2366 om.
1204 2336 1247 2367 38
1318 2346 1407 2367 anno
1432 2335 1498 2367 XX
1529 2340 1692 2378 regnante
1717 2334 1842 2366 Karolo
1867 2344 1946 2376 rege
1971 2333 2181 2366 Francorum
2212 2338 2246 2365 et

369 2376 500 2420 directi]
534 2379 642 2411 relicti
675 2383 722 2411 11.
746 2381 792 2411 38
908 2378 1103 2423 subscripti]
1142 2391 1247 2423 supra
1318 2381 1621 2423 Langobardorum
1655 2385 1688 2414 et
1717 2380 1858 2424 patricio
1886 2381 2116 2412 Romanorum
2143 2377 2244 2411 Cuia-

323 2423 437 2465 scripti
456 2424 641 2466 Aeqidiani
658 2426 825 2468 plerique,
852 2426 1134 2470 subscriptionem
1157 2429 1200 2458 24
1318 2427 1389 2459 cius
1412 2425 1528 2469 (1566)

323 2469 531 2514 spectabilis]
558 2472 778 2515 expectabilis
804 2475 851 2504 11.
869 2474 922 2505 29.
941 2474 985 2506 38
1002 2472 1064 2514 A¹‚
1092 2472 1245 2505 inlustris

883 2724 963 2766 ΙΙΙ.
1004 2722 1421 2766 SVBSCRIPTIO
1450 2722 1695 2766 ANIANI.

441 2829 654 2873 Subscriptio
678 2829 820 2863 Auiani
849 2828 984 2863 tradita
1016 2831 1064 2862 est
1098 2827 1222 2870 for-mis
1251 2826 1391 2861 duabus
1415 2826 1575 2871 dirersis,
1608 2837 1761 2871 quarum
1786 2825 1891 2870 prior
1914 2823 2050 2860 videtur
2072 2823 2244 2871 genuina,

326 2891 439 2924 altera
462 2887 676 2932 interpolata
699 2886 896 2931 adsumptis
916 2885 1196 2930 fflaesorz'ptione
1221 2888 1253 2920 et
1273 2884 1550 2919 Commonitorio.
1592 2884 1697 2919 Illam
1715 2883 1842 2918 habent
1865 2882 1947 2917 libri
1962 2881 2157 2927 Aeyidiani
2179 2882 2247 2917 soli

326 2950 355 2980 et
379 2947 450 2980 loco
472 2946 611 2990 quidem
635 2945 784 2989 antiquo
808 2947 889 2989 post
917 2942 1244 2987 Commonitoriwn‚·
1273 2943 1366 2977 hanc
1396 2943 1468 2977 loco
1491 2942 1642 2986 antiquo
1671 2945 1749 2985 post
1780 2940 1993 2975 breviar-ium
2016 2950 2114 2974 unus
2138 2938 2248 2974 codex

327 3004 495 3048 epitomae
521 3003 689 3037 Monachi
714 3001 967 3044 Berolinensis,
985 3004 1170 3045 praetcrea
1194 3000 1266 3035 loco
1290 3003 1418 3035 motam
1438 3003 1519 3044 post
1544 2999 1744 3043 cataloyam
1767 2997 1920 3042 aliquem
1943 3007 2065 3041 regum
2083 2996 2246 3031 Franco-

327 3072 407 3095 ram
429 3061 512 3095 liber
533 3071 629 3095 unus
647 3059 828 3094 Breviarii
845 3059 972 3103 plenus
993 3059 1188 3093 Vaticanus
1207 3057 1466 3093 ottobonianus
1492 3061 1582 3092 2225
1606 3059 1637 3091 et
1660 3055 1832 3090 decurtati
1855 3054 1929 3090 duo
1946 3053 2140 3089 Parisinus
2154 3057 2246 3088 4409

326 3122 358 3153 et
381 3118 579 3153 Vaticanus
611 3118 750 3162 reyinae
779 3121 873 3152 1050.
905 3136 950 3142 —
980 3115 1183 3150 Ediderunt
1212 3115 1434 3159 posteriorem
1463 3113 1674 3149 Simmdus
1707 3123 1785 3156 opp.
1807 3113 1870 3148 vol.
1893 3117 1915 3147 4
1949 3111 2000 3147 ed.
2019 3111 2106 3146 Ven.
2124 3121 2164 3155 p.
2181 3114 2246 3144 266

328 3179 499 3219 repertam
526 3179 604 3218 post
635 3174 848 3209 brechio-*ium
878 3174 919 3207 in
947 3173 1084 3207 duobus
1114 3173 1288 3207 codicibus
1316 3172 1464 3207 ‘nostro’
1488 3175 1517 3206 et
1546 3171 1639 3215 reqio
1664 3174 1754 3205 1097
1781 3173 1813 3204 et
1842 3168 2084 3212 Gothofredus
2111 3170 2244 3212 protey.

323 3243 360 3276 p.
384 3232 576 3266 CCXXII
601 3242 643 3266 σω
671 3231 782 3267 codice
812 3231 906 3275 reqio
937 3242 973 3266 n.
999 3230 1159 3265 XCVII
1182 3231 1261 3273 (scr.
1287 3229 1510 3272 MXCVII).
1565 3227 1746 3262 Sirmondi
1767 3226 1906 3262 ‘noster’
1933 3229 1981 3261 est
2010 3223 2247 3259 Berolinensis

330 3299 367 3323 eo
392 3293 537 3332 tempore
557 3289 852 3325 claromontanus
877 3288 1119 3333 Iesaiitarmn,
1145 3288 1232 3322 alter
1255 3291 1329 3323 tam
1352 3287 1481 3332 ‘reyius
1506 3285 1601 3321 1097’
1627 3288 1676 3321 est
1700 3284 1893 3320 Parisinus
1915 3287 2004 3319 4409
2028 3292 2066 3317 eo
2089 3285 2246 3326 tempore

330 3347 379 3381 ila
403 3350 557 3383 notatas.

2284 415 2316 439 io

2287 700 2320 726 15
