2485 3615
1193 136 1476 173 —LXX—

367 244 641 280 niciosissimum
671 247 709 281 et
740 245 856 279 ablato
880 255 908 279 v.
927 255 956 279 c.
990 263 1028 269 ——
1064 244 1115 285 16,
1130 244 1160 284 5,
1176 242 1264 286 56‚1
1291 241 1603 286 superstitionibus
1634 262 1676 266 —
1709 241 1761 284 16,
1777 243 1808 284 5,
1823 243 1877 285 65,
1898 243 1918 278 7
1943 243 2009 290 sit]
2033 243 2156 286 fuerit.
2204 243 2302 280 Item

367 302 406 337 in
437 304 625 348 apparatu
651 301 839 337 Francisci
865 301 1030 343 Pithoei,
1062 301 1105 336 de
1132 312 1204 344 quo
1235 299 1331 335 infra
1357 303 1499 346 agetur,
1525 300 1667 336 multae
1694 300 1873 336 lectiones
1898 300 2137 337 inveniuntur
2162 312 2206 336 ex
2230 301 2301 337 hoc

366 360 462 395 libro
494 361 711 405 desumptae
743 360 903 403 indeque
936 371 979 393 ex
1004 361 1111 403 parte
1145 357 1352 393 translatae
1385 357 1422 392 in
1451 357 1654 393 editionem
1679 358 1918 394 Cuiacianam
1945 359 2113 394 alteram.
2146 379 2190 384 —-
2216 359 2300 404 Ipse

367 418 481 452 codex
513 417 657 452 inutilis
683 419 738 452 est
764 418 895 461 utpote
921 415 1000 451 sine
1026 415 1138 450 dubio
1165 414 1373 460 descriptus
1401 427 1444 450 ex
1467 414 1717 460 Eporediensi.
1767 415 1890 452 Partis
1913 416 2150 452 Rosanbinae
2174 428 2300 461 quam-

367 486 479 519 quain
501 475 650 520 plenam
668 473 843 509 notitiam
866 485 937 508 non
962 471 1088 514 habui,
1114 472 1358 508 nihilominus
1385 472 1500 507 didici
1526 484 1569 507 ex
1595 472 1740 508 schedis
1766 473 2007 509 Haenelianis
2040 474 2168 509 adesse
2193 473 2232 508 in
2257 485 2302 510 ea

366 531 675 577 transpositiones
708 531 798 565 duas
833 542 944 575 supra
975 531 1161 565 tractatas
1187 530 1333 573 (3,17,1
1362 531 1409 566 ad
1434 531 1573 573 3,17,4
1597 530 1738 566 inserta
1762 530 1839 577 legi
1865 531 1896 575 3,
1920 532 1972 573 11,
1998 533 2032 573 1,
2065 531 2157 568 item
2187 533 2220 574 4,
2233 532 2302 574 4,3

366 591 412 624 ad
437 591 469 631 4,
483 590 515 630 4,
530 591 550 623 5
576 589 711 624 inserta
738 588 814 633 legi
838 588 870 629 4,
887 589 916 629 1,
936 589 1007 632 11),
1040 588 1168 624 adesse
1200 588 1291 624 item
1325 587 1624 635 dittographiam
1651 601 1686 634 p.
1708 589 1782 629 149,
1806 589 1906 633 1-3,
1934 590 1978 625 de
2004 601 2078 634 qua
2102 589 2230 625 monui
2254 590 2302 625 ad

365 647 515 689 3,]1,1;
542 647 668 682 adesse
695 646 888 687 emblema,
915 646 960 681 de
986 657 1059 690 quo
1084 645 1227 681 dictum
1252 649 1306 682 est
1339 647 1387 682 ad
1416 647 1652 689 3,12,3,*17,
1679 658 1774 691 quae
1801 646 1924 682 omnia
1949 646 2122 692 pariliter
2145 647 2303 683 redeunt

365 705 401 739 in
435 702 686 749 Eporediensi.
737 703 853 739 Adest
874 703 966 739 item
984 707 1149 739 extrema
1174 716 1260 750 pars
1279 704 1561 740 constitutionis
1585 705 1617 749 4,
1629 705 1662 747 4,
1677 706 1697 739 7
1727 706 1876 740 servata
1901 703 1998 739 inter
2022 716 2162 750 paucos
2186 704 2301 741 libros

365 762 402 796 in
428 762 475 796 E.
525 762 567 796 Id
601 761 817 796 confirmant
843 773 935 806 quos
959 764 1044 807 post
1071 762 1291 798 Haenelium
1310 765 1346 799 et
1366 763 1596 809 Kruegerum
1623 762 1824 808 diligenter
1846 761 1927 807 ipse
1952 762 2093 798 contuli
2118 762 2305 808 quaterni-

367 830 454 855 ones
485 817 655 853 Parisini.
705 817 859 853 Scilicet
891 830 964 853 non
998 819 1116 854 solum
1151 819 1304 865 propria
1335 820 1458 855 multa
1492 823 1570 855 tam
1604 820 1703 855 bona
1733 831 1845 864 qua-m
1869 811 1971 855 mala
1996 822 2053 863 (ut
2079 821 2132 865 16,
2147 821 2178 863 2,
2199 822 2252 864 17,
2267 822 2302 864 1)

364 877 477 912 codex
505 876 620 911 habet
648 875 857 911 communia
883 888 966 911 cuin
989 876 1244 922 Eporediensi‚
1281 878 1345 913 sed
1371 877 1486 913 etiam
1512 877 1583 920 ibi,
1610 877 1675 912 ubi
1699 877 1959 922 Eporediensis
1984 877 2202 924 corrigendo
2227 890 2303 915 cor-

365 936 497 979 ruptus
523 936 579 969 est
609 934 666 977 (ut
692 933 745 976 16,
759 933 791 975 2,
803 933 857 975 33,
873 933 894 967 3
919 934 1000 968 uico
1028 954 1066 958 -—
1098 935 1149 976 16,
1164 935 1196 976 2,
1210 935 1265 977 40,
1281 935 1302 969 2
1326 935 1482 978 donatis)
1509 935 1571 970 1110
1597 938 1722 971 noster
1746 934 1915 979 sequitur
1931 934 2129 971 lectionem
2147 936 2302 981 posteri-

365 1003 481 1032 orem:
507 991 608 1033 item,
634 990 698 1026 ubi
716 989 975 1036 Eporediensis
1001 991 1091 1027 duas
1114 991 1293 1028 lectiones
1317 992 1434 1028 habet
1458 993 1615 1028 alteram
1642 992 1679 1027 in
1698 994 1815 1037 textu,
1842 993 2001 1029 alteram
2018 993 2067 1028 ad
2082 993 2300 1040 marginem,

365 1052 406 1084 ut
426 1050 590 1093 13,1,13,
616 1049 636 1083 2
663 1049 849 1095 agrariam
873 1051 911 1085 et
936 1049 1134 1094 aurariam,
1162 1049 1223 1084 1110
1249 1052 1446 1094 utramque
1478 1051 1595 1086 habet
1627 1050 1664 1085 in
1698 1052 1820 1092 textu;
1853 1050 2012 1096 denique
2042 1051 2144 1087 mala
2167 1052 2238 1087 fide
2263 1055 2301 1088 et

364 1106 456 1142 alios
487 1107 588 1142 locos
619 1106 864 1152 interpolavit
895 1106 1035 1151 passim
1067 1106 1252 1142 indicatos
1284 1107 1320 1142 in
1354 1107 1545 1144 adnotatis
1579 1111 1617 1144 et
1644 1108 1823 1151 12‚1,151
1856 1109 2051 1143 curialium
2078 1109 2300 1144 vocabulum

362 1164 525 1200 mutavit
550 1164 587 1199 in
608 1164 866 1209 principalium
900 1165 1100 1209 adsumpta
1132 1165 1282 1201 novella
1307 1165 1564 1201 Valentiniani
1592 1167 1644 1207 19,
1659 1167 1690 1201 2.
1742 1165 1859 1206 Quam
1886 1166 1932 1201 ob
1963 1178 2040 1202 rem
2074 1178 2301 1212 quamquam

363 1222 572 1258 Parisinum
596 1223 687 1259 4406
713 1224 835 1258 totum
861 1222 1020 1264 contuli,
1048 1222 1192 1258 variam
1217 1223 1417 1259 lectionem
1442 1223 1642 1270 diligenter
1676 1223 1928 1260 examinatam
1952 1223 2008 1259 ita
2033 1225 2232 1270 suppressi,
2257 1228 2301 1260 ut

364 1280 495 1325 paucis
521 1279 612 1315 locis
637 1279 836 1316 memoriae
864 1291 973 1315 causa
1001 1280 1282 1316 adscriberetur.

302 1411 345 1443 Π
484 1407 723 1454 Legionensis
749 1407 874 1448 codeX,
901 1406 1045 1442 scilicet
1073 1407 1292 1443 adservatus
1310 1407 1472 1454 Legione
1491 1408 1617 1452 (Leon)
1644 1408 1681 1443 in
1700 1408 1884 1455 Hispania
1910 1408 1947 1444 in
1973 1408 2160 1444 tabulario
2185 1409 2300 1445 eccle·

365 1466 443 1502 siae
471 1465 699 1501 cathedralis
725 1477 759 1499 n.
776 1466 828 1506 15,
855 1476 963 1509 quem
986 1464 1151 1510 repperit
1177 1477 1210 1500 a.
1227 1465 1314 1500 1887
1333 1465 1374 1500 R.
1389 1466 1483 1502 Beer
1501 1466 1799 1502 Vindobonensis
1816 1466 2036 1510 (Zeitsclirift
2051 1467 2114 1502 der
2130 1466 2301 1512 Saviyny-

363 1524 538 1568 Stiftany,
563 1523 680 1558 Germ.
695 1522 798 1557 Abth.
819 1522 890 1557 vol.
909 1522 930 1557 8
955 1535 990 1568 p.
1008 1523 1100 1566 201).
1128 1523 1331 1568 posteriore
1358 1524 1555 1569 scriptura,
1582 1536 1677 1569 quae
1703 1527 1759 1559 est
1785 1537 1879 1560 saec.
1899 1525 1960 1566 IX,
1987 1524 2154 1560 continet
2175 1524 2298 1560 Rufini

367 1582 572 1618 versionem
603 1580 781 1616 historiae
814 1580 1092 1616 ecclesiasticae
1118 1580 1351 1618 Eusebianae
1386 1582 1544 1617 adiectis
1576 1582 1729 1618 scholiis
1760 1582 1947 1628 plerisque
1972 1582 2134 1627 Latinis,
2169 1583 2299 1628 paucis

365 1639 553 1681 Arabicis,
590 1638 769 1683 scriptam
803 1638 879 1674 sine
912 1638 1025 1673 dubio
1060 1638 1098 1673 in
1129 1638 1330 1684 Hispania,
1366 1643 1407 1675 ut
1439 1639 1641 1685 opinantur
1673 1640 1834 1676 editores
1867 1639 2076 1682 Cordubae3
2112 1640 2300 1686 scriptura

366 1697 487 1744 priore
514 1696 661 1733 omnino
678 1695 884 1742 Hispanica
913 1699 949 1731 et
976 1696 1060 1742 ipsa
1085 1700 1234 1742 praeter
1253 1697 1388 1733 veteris
1413 1697 1574 1742 novique
1601 1697 1820 1733 testamenti
1837 1697 1970 1733 Latine
1989 1697 2085 1734 versi
2109 1697 2298 1743 reliquias,

367 1767 462 1801 quae
488 1755 641 1801 explent·
665 1754 758 1790 folia
783 1754 843 1796 80,
876 1755 993 1790 habet
1024 1755 1123 1790 foliis
1149 1755 1235 1790 aliis
1263 1756 1328 1791 105
1354 1758 1499 1801 partem
1524 1755 1702 1791 maiorem
1727 1755 1906 1791 breviarii
1930 1755 2148 1791 Alariciani.
2197 1754 2298 1796 Quae

365 1816 580 1859 supersunt,
616 1812 805 1858 incipiunt
838 1812 876 1847 111
908 1812 1158 1848 Theodosiani
1190 1813 1286 1848 libro
1320 1816 1470 1857 quarto,
1502 1813 1637 1848 finiunt
1666 1812 1705 1848 111
1735 1813 1845 1849 Pauli
1876 1814 1900 1848 l.
1917 1814 1950 1856 4,
1963 1814 2030 1859 5,7
2057 1814 2158 1850 verb.
2187 1813 2298 1850 inter-

367 1870 590 1917 pretationis
614 1871 726 1914 fuerit
750 1870 928 1915 deputata.
977 1871 1183 1916 Supersunt
1209 1884 1252 1908 ex
1276 1871 1534 1908 Theodosiano
1560 1873 1667 1908 haec:

477 1948 558 1991 4,1,
576 1948 592 1981 1
620 1946 821 1991 (inscriptio
847 1947 927 1981 libri
950 1958 1024 1981 non
1049 1947 1166 1992 adest)
1192 1968 1233 1972 —
1260 1948 1292 1990 4,
1307 1949 1328 1984 6
1352 1948 1506 1983 rubrica.

476 2006 509 2048 4,
524 2005 556 2046 8,
570 2006 591 2040 6
610 2004 672 2050 [br.
690 2004 725 2049 2]
753 2024 794 2029 --
820 2005 853 2045 4,
869 2005 911 2039 15
930 2004 991 2049 [br.
1013 2005 1078 2049 13],
1097 2007 1113 2040 1
1131 2006 1195 2048 fin.

476 2064 508 2105 4,
526 2062 567 2097 18
587 2062 647 2107 [br.
668 2063 734 2107 16],
750 2062 770 2096 2
795 2062 880 2096 rerb.
907 2062 929 2096 3
953 2062 1024 2098 nisi
1051 2063 1223 2109 cognitor
1249 2083 1287 2088 —
1315 2064 1348 2106 9,
1363 2064 1394 2105 6,
1409 2064 1430 2098 2
1450 2064 1512 2109 [br.
1530 2065 1562 2107 9,
1577 2064 1609 2106 3,
1625 2064 1658 2109 1]
1685 2064 1771 2099 reri).
1797 2065 1817 2098 5
1842 2063 1996 2099 facinus.
2014 2059 2017 2062 ”

479 2121 511 2163 9,
530 2121 549 2154 7
570 2121 635 2164 [br.
652 2120 699 2165 4],
714 2120 735 2154 2
760 2120 848 2155 rerb.
867 2121 908 2155 *ὅ
934 2120 1171 2165 adquieuerit
1200 2141 1238 2147 —-
1266 2122 1298 2163 9,
1316 2122 1356 2157 19
1373 2122 1435 2166 [br.
1453 2121 1520 2167 15],
1537 2123 1553 2157 1
1581 2122 1669 2156 verb.
1689 2122 1709 2157 9
1735 2121 1933 2167 dignitate.

481 2178 571 2219 9,24
586 2178 648 2222 [br.
665 2177 764 2222 19],1
792 2179 880 2213 rerb.
908 2179 949 2213 16
974 2190 1101 2214 semus
1129 2199 1167 2204 —
1198 2180 1250 2222 11,
1267 2180 1321 2221 26,
1336 2180 1356 2214 2
1376 2180 1436 2224 [br.
1456 2182 1508 2222 ll,
1523 2181 1554 2221 7,
1570 2180 1601 2225 1]
1628 2180 1716 2214 rerb.
1744 2180 1788 2215 12
1812 2181 2014 2215 exactores.

455 2237 509 2280 11,
523 2236 578 2278 36,
595 2236 639 2271 20
658 2236 720 2281 [br.
743 2236 917 2282 11,11,3]
945 2237 1031 2272 rerb.
1055 2237 1076 2271 3
1101 2237 1139 2272 in
1165 2236 1408 2283 septuaginta
1436 2258 1477 2264 —-
1503 2236 1551 2271 ad
1571 2237 1677 2280 finem
1702 2236 1950 2272 leeodosiani.

366 2323 490 2359 Codex
515 2322 656 2358 litteris
680 2322 891 2359 uncialibus
917 2326 1090 2360 exaratus
1121 2324 1282 2370 scriptus
1315 2327 1371 2360 est
1403 2326 1489 2370 post
1512 2335 1545 2359 a.
1563 2324 1630 2359 546
1655 2326 1808 2370 propter
1833 2324 1955 2370 legem
1980 2324 2147 2361 Theudis
2179 2324 2214 2361 ei
2245 2324 2297 2360 in-

362 2384 515 2422 sertam,
542 2381 586 2416 de
616 2393 690 2426 qua
717 2385 848 2427 postea
875 2381 1036 2423 dicetur;
1070 2381 1161 2417 item
1186 2382 1435 2428 probabiliter
1460 2385 1662 2427 antequam
1689 2382 1959 2418 Recessuindus
1985 2383 2030 2426 (c.
2049 2394 2080 2417 a.
2099 2382 2181 2428 660)
2205 2383 2297 2419 data

363 2438 629 2474 constitutione
656 2439 780 2485 legum
806 2439 1055 2475 Romanarum
1082 2452 1186 2475 usum
1219 2440 1256 2474 in
1288 2452 1402 2486 regno
1436 2452 1500 2475 suo
1532 2439 1699 2476 abolevit
1723 2439 1821 2484 (vide
1848 2452 1961 2486 supra
1987 2452 2023 2486 p.
2041 2440 2226 2485 XXXVI).
2251 2462 2297 2469 —-

364 2496 624 2532 Theodosiano
643 2498 798 2542 corpori,
827 2497 930 2533 cuius
948 2497 1196 2543 praescriptio
1214 2497 1339 2543 periit,
1367 2497 1629 2533 subscribitur:
1657 2498 1796 2542 explicit
1816 2497 2057 2533 Theodosium·
2079 2499 2297 2533 constitutio·
2477 2493 2485 2526 ¹<

364 2566 453 2589 num
478 2554 565 2589 liber
581 2558 699 2589 sertus
721 2555 873 2590 decimus
897 2556 1054 2599 feliciter,
1082 2555 1189 2591 libris
1213 2555 1367 2600 reliquis
1392 2555 1550 2601 singulis
1578 2556 1721 2599 eoeplicit
1745 2555 1830 2591 liber
1846 2556 1944 2590 1111
1959 2557 2011 2602 (et
2027 2555 2080 2591 sic
2098 2555 2296 2602 deinceps),
2484 2562 2485 2565 ’

362 2613 491 2657 incipit
517 2613 604 2647 liber
624 2612 658 2646 V
672 2613 723 2656 (et
742 2612 793 2648 sic
813 2613 1018 2659 deinceps);
1046 2616 1239 2658 praeterea
1266 2613 1415 2660 paginis
1433 2612 1621 2658 plerisque
1640 2612 1942 2658 superscribitur:
1965 2613 2094 2649 Theod.
2108 2614 2196 2649 liber
2209 2614 2302 2649 IIII

361 2673 413 2716 (et
450 2670 502 2706 sic
539 2670 737 2717 deinceps).
800 2671 982 2707 Similiter
1011 2671 1169 2707 novellis
1201 2670 1402 2707 Theodosii
1428 2671 1462 2705 II
1497 2670 1779 2716 praescribitur:
1817 2671 1942 2715 incipit
1973 2671 2194 2706 novellarum
2225 2671 2298 2706 divi
2481 2688 2485 2708 ι

367 2728 606 2764 Theodosiani
623 2729 703 2774 (sic)
726 2730 857 2775 Ayusti
882 2730 967 2764 liber
985 2730 1127 2774 primus
1153 2729 1233 2774 (sic)
1259 2729 1406 2775 feliciter
1430 2739 1543 2773 amen,
1570 2728 1830 2764 subscribitur:
1858 2729 1999 2773 eoeplicit
2022 2729 2240 2764 novellarum
2259 2721 2297 2764 Tb

365 2787 636 2822 Theodosianus
666 2788 826 2832 feliciter,
859 2787 1009 2834 paginis
1052 2787 1283 2823 inscribitur:
1316 2788 1535 2822 novellarum
1573 2786 1646 2821 diri
1683 2779 1804 2821 Theo}
1841 2785 2102 2831 (Theodosiani
2137 2799 2172 2833 p.
2200 2787 2294 2833 272).

361 2844 456 2880 Item
491 2844 650 2881 novellis
674 2845 933 2881 Valentiniani
960 2846 1013 2880 ΙΙΙ
1047 2844 1331 2891 praescribitur:
1368 2845 1497 2888 incipit
1529 2844 1750 2879 novellarum
1781 2844 1854 2879 divi
1884 2843 2132 2879 Valentiniani
2163 2844 2296 2889 Ayusti

361 2902 517 2945 feliciter
541 2913 659 2947 amen,
690 2902 953 2938 subscribitur:
984 2903 1123 2946 finiunt
1147 2903 1304 2937 novellae
1328 2903 1414 2948 {eyes
1439 2902 1512 2937 (liri
1537 2901 1785 2936 Valentiniani
1810 2901 1956 2945 Ayusti,
1988 2901 2139 2947 paginis
2169 2900 2294 2938 inscri-

361 2959 479 2995 bitur:
512 2961 727 2995 novellaram
752 2961 825 2995 dir-i
846 2961 1109 2996 Valentiniani.
1159 2961 1252 2996 Item
1285 2960 1444 2996 novellis
1469 2958 1652 2995 Marciani
1681 2958 1966 3005 praescribitur:
1999 2959 2182 3004 incipiunt
2209 2960 2296 3004 leyes

362 3017 434 3052 diri
451 3018 640 3053 DIarciani
658 3019 787 3063 Ayusti
810 3019 961 3061 feliciter
978 3029 1080 3054 amen
1103 3017 1342 3064 (subscriptio
1368 3017 1505 3064 periit),
1531 3016 1682 3063 paginis
1707 3015 1939 3051 inscribitur:
1965 3017 2161 3052 Marciani.
2198 3017 2293 3054 Item

362 3075 520 3111 novellis
551 3075 768 3111 Maiorianis
802 3075 1064 3121 (praescriptio
1099 3074 1227 3121 periit)
1264 3075 1526 3111 subscribitur:
1564 3067 1688 3119 eoeplifft
1720 3074 1872 3108 novellae
1907 3074 1979 3109 clivi
2010 3074 2212 3110 Maioriani
2235 3075 2296 3118 A„

364 3133 514 3178 paginis
538 3133 769 3169 inscribitur:
797 3134 1011 3168 Maioriani.
1062 3134 1156 3169 Item
1181 3133 1339 3169 novellis
1364 3132 1489 3169 Severi
1514 3131 1797 3178 praescribitur:
1828 3132 2011 3176 incipiant
2039 3132 2195 3167 novellae
2223 3131 2295 3167 divi

362 3190 475 3225 Sei-eri
501 3192 630 3236 Ayusti
663 3191 901 3236 (subscriptio
933 3190 1071 3236 periit).
1121 3190 1297 3235 Sequitur
1330 3190 1460 3232 Gaius,
1493 3190 1552 3226 cui
1584 3188 1818 3235 praescripta
1848 3189 1940 3225 item
1973 3188 2180 3235 perierunt;
2211 3189 2293 3224 sub-

363 3247 560 3293 scriptum:
593 3249 733 3293 erplicit
757 3248 842 3283 liber
869 3248 942 3283 Gai
949 3262 960 3292 ;
992 3248 1141 3295 paginis
1172 3248 1404 3284 inscribitur:
1437 3247 1519 3283 Gai.
1568 3247 1686 3282 Paulo
1712 3247 1870 3292 denique
1895 3246 2181 3293 praescribitur:
2210 3247 2294 3292 inc-p

363 3304 437 3338 Iuli
469 3305 577 3339 Pauli
611 3306 865 3341 sententiarum
897 3316 940 3341 επ
969 3306 1079 3340 Pauli
1108 3306 1369 3340 sententiarum
1399 3315 1538 3349 corpore
1571 3304 1653 3339 hnic
1683 3306 1781 3350 operi
1811 3305 1974 3340 convenit
1997 3304 2138 3339 adnecti
2162 3314 2229 3349 que
2251 3304 2294 3339 in

367 3361 609 3401 leeodosiano
639 3373 780 3407 corpore
805 3363 981 3399 (timendis
1005 3363 1085 3409 (sic)
1109 3364 1232 3398 litibus
1255 3374 1328 3398 non
1352 3364 1389 3398 in
1397 3363 1588 3399 renitantur
1611 3364 1764 3399 inserta:
1794 3364 1904 3398 Pauli
1926 3363 2185 3399 sententiamm
2208 3362 2294 3398 liber
