2485 3615
100 807 256 839 Collectio

71 854 291 886 conciliorum

112 900 252 931 Galliae

92 947 126 978 in
154 946 267 978 codice

77 993 278 1024 Coloniensi.

0 1222 155 1255 t'ollectio
174 1221 289 1254 CCCC

58 1269 216 1310 capitum.

9 1523 167 1555 Collecllo
194 1521 297 1554 Flora·

29 1569 280 1611 Luydzmensls.

37 2002 179 2034 Glossae
205 1999 289 2031 iuris

69 2047 235 2079 canonici.

28 2358 185 2390 collectio
212 2358 284 2390 cod.

27 2405 206 2447 Stultyarz‘.
226 2407 294 2437 113.

45 2531 263 2564 Colleclioncs

4 2578 153 2610 codicum
171 2578 205 2609 D
221 2584 252 2610 et
271 2578 305 2610 Y.

1091 166 1135 171 —-
1185 142 1418 180 CCCXXXII
1468 162 1510 168 —-

468 256 547 291 Art.
567 255 633 290 373
649 256 687 289 et
704 254 771 288 374
790 252 852 287 cfr.
880 251 948 296 Ep.
966 250 1056 295 Aeg.
1075 248 1145 284 Gai
1170 248 1232 289 IX,
1251 249 1282 283 5.
1308 250 1339 283 6.

501 342 514 355 „
566 313 633 347 3T4
659 312 675 346 I
895 338 907 351 ,.
987 336 999 349 ,.
1093 335 1107 349 ,.
1172 307 1235 348 IX,
1255 306 1284 340 7.

500 399 512 412 „
565 371 632 405 375
801 397 813 403 .,
893 395 906 407 ,,
987 394 999 407 ,,
1059 364 1164 399 Paul.
1183 364 1245 405 IV,
1264 365 1317 405 11,
1338 364 1367 397 1.

500 457 513 470 „
565 428 632 462 375
658 428 673 461 I
802 454 814 467 „
894 452 906 465 „
987 452 999 465 „
1116 451 1129 465 „
1181 421 1225 463 V,
1247 422 1299 460 12,
1317 422 1348 455 6.

499 513 512 528 ,.
565 486 632 520 375
658 485 692 519 II
803 511 816 525 „
897 510 909 523 ,.
989 510 1001 523 Τ,
1116 508 1129 522 ,,
1181 479 1225 522 V,
1246 480 1298 520 15,
1317 479 1348 513 3.

499 571 511 585 „
564 544 630 578 375
655 542 706 577 IV
804 569 816 581 ‚,
895 568 908 581 „
987 567 1000 580 „
1062 538 1170 583 Greg.
1186 537 1249 572 VI.

499 630 512 643 „
564 601 633 635 376
801 627 815 641 „
895 626 907 638 .,
988 625 1000 638 „
1062 596 1130 630 Th.
1150 595 1211 636 IV,
1233 596 1286 629 10.

925 713 975 754 Β.
1023 711 1313 754 Collectiones
1347 710 1680 752 ecclesiasticae.

443 804 497 839 De
522 803 568 838 iis
594 800 760 847 scriptis,
788 811 882 844 quae
910 799 956 834 ad
982 798 1083 845 ipsas
1108 809 1166 832 res
1191 797 1371 833 ecclesiae
1397 795 1608 841 pertinent,
1639 793 1802 830 locuturi
1828 806 1955 830 eorum
1978 795 2174 841 librorum,
2205 797 2270 841 qui

328 864 433 897 ante
466 860 656 896 medium
691 858 920 893 saeculum
951 867 1112 891 nonum
1148 853 1308 890 confecti
1340 855 1440 895 sunt,
1478 852 1622 888 omissis
1648 850 1934 887 collectionibus
1960 853 2271 889 constitutionum

328 919 671 954 Sirmondianarum
698 916 858 961 primum
883 913 1143 949 collectionem
1161 912 1403 948 conciliorum
1422 911 1568 947 Galliae
1595 923 1639 946 ex
1665 910 1791 945 codice
1811 909 2020 946 Coloniensi
2039 912 2107 946 212
2129 912 2270 957 [Darm-

327 976 493 1011 stadensi
522 974 626 1019 2326]
662 972 801 1009 saeculi
830 970 983 1017 septimi
1014 982 1276 1011 memoramus,
1317 980 1411 1013 quae
1446 968 1484 1003 in
1519 967 1709 1013 capitibus
1744 970 1765 1002 5
1797 970 1835 1003 et
1867 969 1888 1003 6
1919 967 2054 1004 titulos
2084 970 2127 1004 17
2158 971 2197 1005 et
2227 971 2272 1005 18

330 1035 480 1080 [Theod.
503 1034 547 1073 ΙΙ,
571 1033 631 1067 101
649 1031 714 1076 sq.]
747 1043 790 1066 ex
819 1029 979 1065 novellis
1005 1027 1265 1063 Valentiniani
1292 1028 1356 1062 III.
1382 1027 1554 1072 praebet,
1589 1037 1744 1070 quorum
1778 1025 1880 1070 prior
1904 1026 2096 1062 Breviario
2120 1039 2193 1062 non
2217 1027 2271 1062 in·

328 1095 446 1128 sertus
473 1094 539 1127 est.
588 1090 690 1124 Haec
716 1087 905 1129 collectio,
938 1090 979 1122 ut
1006 1087 1224 1122 Maassenus
1249 1085 1432 1127 ostendit,
1468 1084 1630 1120 secunda
1663 1086 1771 1129 parte
1796 1084 1937 1119 saeculi
1962 1084 2058 1120 sexti
2081 1084 2120 1120 in
2145 1085 2272 1120 Gallia

328 1149 496 1185 confecta
523 1160 600 1184 esse
627 1147 818 1191 videtur.¹)

442 1218 534 1254 Dein
561 1217 734 1253 collectio
754 1215 871 1251 CCCC
889 1215 1057 1260 capitum
1083 1214 1205 1249 adhuc
1232 1213 1376 1249 inedita
1394 1216 1544 1258 praeter
1562 1211 1806 1248 conciliorum
1825 1224 1993 1254 canoneS‚
2018 1213 2270 1250 Romanorum

328 1276 546 1322 pontificum
578 1275 798 1315 decretaleS,
838 1284 996 1309 canones
1029 1271 1319 1318 poenitentiales
1354 1274 1391 1306 et
1425 1273 1602 1315 excerpta
1639 1282 1683 1306 ex
1714 1270 1853 1306 litteris
1884 1270 2021 1306 divinis
2056 1272 2148 1307 duos
2179 1271 2271 1307 iuris

329 1333 486 1369 Romani
518 1336 643 1368 textus
678 1331 860 1374 continet,
897 1341 1052 1374 quorum
1083 1341 1176 1363 unus
1210 1340 1239 1363 c.
1263 1329 1307 1362 39
1335 1327 1404 1373 [40]
1438 1327 1629 1362 nonnullis
1662 1327 1785 1362 verbis
1818 1327 1976 1363 mutatis
2009 1340 2092 1364 cum
2124 1331 2270 1366 senten-

328 1393 466 1428 tiarum
492 1391 601 1426 Pauli
628 1390 819 1426 Breviario
846 1389 1069 1424 insertarum
1095 1387 1209 1422 titulo
1237 1386 1280 1421 de
1305 1385 1485 1430 gradibus
1513 1385 1588 1430 [lV,
1609 1386 1675 1429 10]‚
1704 1386 1801 1421 alter
1826 1398 1854 1420 c.
1873 1386 1920 1420 40
1942 1386 2024 1432 [41],
2050 1389 2093 1422 ut
2118 1386 2272 1423 Scherer

333 1449 614 1491 demonstravit,
640 1446 825 1483 Breviarii
850 1446 946 1481 libro
972 1445 1043 1480 Gai
1070 1445 1094 1486 I,
1114 1446 1146 1486 4,
1167 1444 1262 1479 1-8
1289 1442 1516 1488 consentit.²)

446 1518 627 1554 Collectio
645 1517 746 1553 Flori
772 1515 1029 1562 Lugdunensis
1056 1514 1204 1549 diaconi
1228 1514 1267 1548 in
1292 1516 1452 1558 utraque
1477 1512 1692 1548 redactione
1711 1513 1910 1549 nonnullas
1928 1514 2271 1552 Sirmondianarum

329 1577 639 1614 constitutionum
664 1575 832 1621 praebet.
882 1574 1002 1615 Prior,
1039 1585 1152 1617 quam
1177 1572 1382 1608 Dacherius
1413 1571 1453 1606 in
1478 1571 1676 1617 Spicilegii
1705 1571 1763 1606 sui
1795 1574 1896 1607 tomo
1922 1572 2004 1615 XII,
2034 1586 2069 1619 p.
2088 1575 2132 1609 48
2147 1587 2199 1620 sq.
2226 1587 2270 1611 ex

329 1636 454 1672 codice
481 1636 642 1680 quodam
668 1634 701 1668 S.
719 1632 879 1668 Mariani
904 1631 1149 1667 Autissiodor.
1177 1630 1314 1674 edidit,
1347 1630 1456 1664 finem
1482 1632 1626 1672 sextae,
1657 1629 1943 1675 inscriptionem
1968 1633 2139 1675 quartae,
2173 1633 2270 1680 frag-

327 1697 453 1729 menta
488 1692 647 1738 primae,
681 1690 832 1732 tertiae,
869 1691 1012 1733 sextae,
1048 1688 1282 1730 undecimae,
1321 1687 1645 1723 abbreviationem
1679 1687 1867 1732 quandam
1903 1688 2071 1724 decimae
2105 1690 2270 1735 quintae,

327 1752 580 1797 fragmentum
607 1748 808 1785 vicesimae
834 1747 1014 1783 continet.
1057 1746 1197 1788 Altera,
1230 1758 1341 1791 quam
1368 1745 1585 1780 Maassenus
1611 1756 1655 1780 ex
1682 1745 1808 1781 codice
1825 1746 2070 1782 Ambrosiano
2095 1748 2128 1782 A
2144 1749 2188 1782 46
2205 1749 2272 1784 inf.

328 1811 371 1844 ut
397 1809 545 1844 videtur
561 1808 697 1843 Italico
722 1807 761 1842 in
788 1818 916 1842 comm.
935 1805 1023 1840 min.
1041 1805 1151 1840 Vind.
1171 1805 1216 1840 cl.
1235 1804 1326 1850 phil.
1346 1804 1434 1839 hist.
1454 1803 1558 1839 XCII
1583 1816 1619 1849 p.
1637 1804 1702 1838 3⁶21
1718 1816 1771 1849 sq.
1790 1804 2034 1850 deprompsit,
2060 1805 2272 1853 fragmenta

329 1868 487 1913 primae,
524 1866 676 1909 tertiae,
714 1867 858 1909 sextae,
896 1863 1133 1903 undecimae,
1170 1862 1494 1899 abbreviationem
1528 1861 1695 1898 decimae
1729 1861 1900 1907 quintae,
1938 1863 2025 1898 dein
2060 1863 2273 1911 fragmenta

329 1925 496 1961 decimae
523 1924 706 1970 septimae
733 1926 771 1958 et
795 1922 995 1958 vicesimae
1023 1922 1289 1957 commentario
1317 1923 1429 1956 aucta
1454 1921 1614 1966 habet.³)

449 1995 600 2030 Glossae
626 1993 716 2028 iuris
742 1992 912 2029 canonici
939 1991 1022 2028 aevi
1040 1991 1211 2027 Karolini
1237 1991 1386 2026 saeculo
1413 1993 1547 2026 octavo
1574 1992 1731 2026 exeunte
1751 1990 1811 2025 vel
1835 2002 1932 2027 nono
1957 1990 2164 2038 incipiente
2191 2004 2273 2028 con-

328 2050 465 2093 fectae,
493 2064 584 2096 quas
610 2052 826 2087 Maassenus
852 2051 888 2085 in
917 2062 1046 2085 comm.
1065 2050 1152 2084 min.
1172 2049 1280 2083 Vind.
1301 2049 1345 2084 cl.
1364 2048 1458 2094 phil.
1476 2048 1564 2083 hist.
1582 2048 1784 2091 LXXXIV,
1810 2050 1877 2084 235
1892 2061 1945 2093 sq.
1972 2049 2102 2093 edidit,
2127 2062 2201 2087 non
2225 2053 2274 2088 ad

327 2111 429 2156 leges
463 2110 651 2145 Romanas
690 2110 754 2145 sed
788 2109 835 2144 ad
874 2108 1135 2143 collectionem
1173 2119 1355 2142 canonum
1393 2106 1833 2151 Dionysio-Hadrianam
1869 2107 2070 2152 pertinent.
2132 2109 2272 2146 Tamen

329 2180 451 2213 pauca
485 2180 529 2203 ex
564 2167 643 2203 iure
675 2167 843 2202 Romano
880 2167 1073 2212 praebent.
1135 2166 1332 2207 Locorum,
1368 2176 1460 2209 quos
1492 2164 1686 2210 Fittingus
1720 2167 1758 2200 et
1790 2165 1967 2201 Flachius
2003 2165 2076 2201 iuri
2106 2167 2274 2204 Romano

330 2226 553 2268 tribuerunt,
580 2226 704 2271 glossa
723 2225 827 2260 verbi
851 2224 1136 2270 ‘procuratores'
1161 2224 1209 2259 ad
1236 2235 1415 2259 canonem
1433 2223 1519 2258 XVI
1545 2222 1696 2258 concilii
1717 2223 2023 2270 Carthaginensis
2047 2224 2203 2267 fortasse
2229 2238 2274 2262 ex

332 2284 643 2329 interpretatione
670 2284 727 2319 ΒΥ.
748 2284 815 2318 Th.
835 2284 880 2325 II,
902 2284 954 2325 12,
974 2284 991 2316 7
1019 2285 1170 2327 sumpta
1196 2284 1296 2327 esta)

448 2353 628 2389 Collectio
663 2352 801 2388 codicis
832 2352 1124 2399 Stuttgartensis
1150 2353 1217 2387 113
1251 2351 1391 2387 saeculi
1417 2351 1544 2387 octavi
1574 2351 1636 2387 fol.
1660 2352 1740 2386 194¹
1777 2351 2085 2388 constitutionem
2117 2353 2275 2389 Sirmon-

334 2411 482 2447 dianam
516 2412 675 2457 primam
709 2411 943 2447 Constantini
977 2412 1024 2446 ad
1055 2410 1257 2446 Ablavium
1287 2410 1424 2456 recipit
1461 2410 1627 2455 [Schulte
1663 2409 1703 2445 in
1734 2422 1863 2446 comm.
1890 2410 1978 2446 min.
2002 2410 2112 2447 Vind.
2139 2411 2276 2447 CXVII

333 2481 368 2514 p.
391 2471 432 2504 12
446 2469 524 2514 sq.].

453 2527 698 2563 Collectiones
734 2527 902 2562 codicum
933 2527 964 2561 D
991 2530 1029 2562 et
1053 2527 1102 2568 Y,
1138 2526 1183 2562 de
1213 2525 1349 2571 quibus
1384 2529 1469 2571 post
1495 2526 1697 2562 Conratum
1711 2528 1738 2571 ὃ)
1771 2526 1992 2572 praesertim
2023 2527 2273 2564 Mommsenus

336 2584 374 2619 in
399 2585 457 2619 his
483 2585 762 2631 Prolegomenis
789 2585 838 2630 [p.
859 2584 1084 2619 LXXXVIII
1099 2584 1165 2629 sq]
1191 2584 1352 2619 multum
1377 2583 1569 2625 disseruit,
1600 2583 1639 2619 in
1665 2583 1947 2628 quatuordecim
1979 2587 2106 2630 partes
2132 2585 2275 2622 divisae

335 2642 620 2678 constitutiones
645 2642 733 2678 libri
759 2642 894 2678 decimi
920 2642 1017 2678 sexti
1043 2642 1182 2677 codicis
1201 2641 1452 2678 Theodosiani
1477 2642 1641 2687 genuini,
1666 2642 1864 2677 nonnullas
1890 2654 1935 2678 ex
1952 2642 2136 2678 Breviarii
2161 2643 2274 2680 inter-

331 2700 545 2745 pretatione
571 2703 701 2736 auctas
727 2700 920 2736 continent
946 2703 1168 2745 praeterque
1195 2699 1535 2735 Sirmondianarum
1562 2700 1873 2737 constitutionum
1899 2700 2059 2746 primam
2083 2713 2200 2746 usque
2225 2702 2273 2737 ad

453 2818 476 2860 ¹)
503 2819 674 2858 Maassen,
701 2819 905 2852 Geschichte
932 2817 1120 2861 1‚574sq.;
1148 2819 1275 2852 Conrat
1300 2820 1325 2859 I,
1348 2817 1428 2860 1463
1455 2819 1597 2852 Halbau
1623 2821 1667 2861 Π,
1685 2817 1763 2852 349.
1788 2838 1833 2842 --
1859 2820 2017 2853 Codicem
2036 2819 2274 2853 coloniensem

334 2866 370 2897 P.
391 2866 435 2897 M.
456 2866 575 2908 Meyer
600 2866 741 2897 uberius
768 2867 804 2898 in
829 2866 1003 2898 volumine
1031 2866 1138 2898 altero
1164 2866 1268 2898 huius
1294 2866 1406 2908 operis
1431 2866 1603 2898 tractabit.

451 2923 477 2961 2)
506 2925 666 2955 Maassen
691 2924 712 2956 Ι.
732 2935 760 2956 c.
787 2922 854 2956 845
869 2936 916 2966 sq.
945 2929 977 2956 et
1002 2922 1085 2957 97'2:
1119 2925 1279 2962 Scherer,
1312 2915 1406 2957 [lber
1437 2925 1496 2956 das
1530 2924 1699 2957 Eherecht
1731 2924 1785 2956 bei
1817 2925 2028 2957 Benediktus
2053 2926 2174 2959 Levita
2204 2925 2275 2959 und

334 2970 616 3002 I’seudoisidorus
643 2969 719 3009 10¹,
753 2971 949 3002 Handbuch
980 2971 1038 3003 des
1063 2971 1349 3003 Kirchenrechtes
1375 2972 1401 3011 I,
1420 2969 1489 3002 208
1501 2970 1547 3012 ⁵³;
1585 2972 1714 3003 Conrat
1738 2972 1763 3010 Ι,
1783 2970 1864 3010 46⁴3
1899 2972 2061 3005 Maassen
2085 2983 2114 3004 e.
2133 2971 2178 3005 40
2203 2969 2274 3016 [41]

335 3027 375 3047 ex
403 3016 537 3048 duobus
563 3017 739 3049 codicibus
764 3017 785 3048 l.
805 3028 833 3049 c.
860 3018 973 3058 edidit,
1001 3017 1058 3050 sed
1083 3018 1249 3060 originem
1275 3018 1349 3049 eius
1375 3017 1527 3049 nondum
1553 3024 1774 3060 cognoverat.

454 3073 480 3115 3)
508 3075 666 3107 Maassen
692 3075 714 3107 1.
733 3086 761 3107 c.
781 3074 904 3116 (XCII)
931 3086 961 3117 p.
977 3074 1041 3107 301
1055 3086 1122 3117 sq.;
1149 3075 1331 3108 Caillemer
1348 3076 1383 3108 in
1401 3075 1581 3107 Memoires
1607 3076 1647 3108 de
1664 3075 1862 3108 l'academie
1887 3075 1927 3108 de
1945 3075 2056 3117 Lyon,
2081 3077 2190 3109 classe
2215 3077 2274 3110 des

334 3119 450 3152 lettres
470 3118 586 3161 (1885)
605 3122 687 3153 XXI
712 3133 744 3163 p.
763 3120 828 3153 367
844 3134 910 3163 sq.;
937 3122 1064 3154 Com-at
1090 3123 1115 3163 Ι,
1135 3120 1202 3154 253
1216 3133 1264 3164 sq.
1307 3122 1373 3154 Cfr.
1393 3122 1496 3154 etiam
1522 3132 1658 3154 carmen
1676 3122 1778 3161 Flori,
1805 3122 1895 3164 quod
1912 3121 2094 3155 Caillemer
2117 3122 2140 3156 l.
2159 3133 2188 3156 c.
2206 3121 2274 3155 376

335 3177 376 3197 ex
403 3167 530 3208 Migne‚
557 3167 682 3199 Patrol.
702 3168 758 3200 lat.
777 3168 887 3200 CXIX
916 3179 947 3210 p.
965 3167 1033 3200 ‘253
1047 3179 1094 3209 sq.
1124 3173 1297 3200 memorat.

335 3270 368 3301 H
392 3269 426 3301 lb
452 3223 480 3263 ⁴)
501 3225 663 3302 ΙΒΙΙειᾷι551εειη
689 3224 708 3256 l.
724 3236 752 3257 c.
772 3224 978 3267 (LXXXIV)
998 3237 1028 3268 p.
1043 3224 1109 3257 217
1122 3225 1152 3264 43
1178 3226 1319 3268 Fitffing,
1338 3226 1576 3269 Brachylogus
1595 3238 1625 3269 p.
1641 3223 1701 3267 30;
1727 3226 1832 3258 Flach
1853 3224 1913 3266 935
1937 3226 2065 3259 Conrat
2081 3223 2108 3266 I,
2123 3223 2193 3258 254
2205 3236 2273 3268 sq.;

372 3281 389 3301 a
430 3281 474 3302 an
535 3296 541 3310 ,
561 3284 568 3299 .’
585 3281 604 3303 o
655 3297 661 3303 .

455 3327 480 3369 ⁵)
508 3328 636 3360 Conrat
660 3329 686 3369 I,
706 3326 773 3361 ‘255
786 3340 854 3370 sq.;
886 3329 974 3361 idem
1001 3329 1073 3361 NA.
1097 3330 1222 3370 XXIV,
1241 3328 1308 3362 355
1322 3341 1370 3371 sq.
1405 3347 1446 3351 —
1480 3331 1530 3361 De
1555 3329 1670 3362 codice
1695 3331 1725 3361 D
1752 3330 1893 3373 eiusque
1924 3331 1964 3363 ad
1990 3328 2272 3363 Theodosianum

336 3373 458 3415 glossis
485 3374 731 3415 marginalibus
756 3376 826 3416 egit
852 3375 955 3407 Flach
982 3374 1023 3407 81
1039 3386 1088 3416 sq.
1114 3375 1316 3418 glossasque
1343 3376 1467 3408 ibidem
1496 3374 1561 3408 153
1574 3387 1622 3417 sq.
1649 3376 1764 3409 edidit.

2458 707 2463 719 -
2459 674 2463 686 ,
2456 636 2465 649 -,
2446 446 2469 601 γαί-Ἀ»
2444 288 2463 426 inc-otu*‘⁴›
2449 268 2452 273 ·
