<?xml version="1.0" encoding="UTF-8"?>
<!DOCTYPE html PUBLIC "-//W3C//DTD XHTML 1.0 Transitional//EN"
    "http://www.w3.org/TR/xhtml1/DTD/xhtml1-transitional.dtd">
<html xmlns="http://www.w3.org/1999/xhtml" xml:lang="en" lang="en">
 <head>
  <title>
</title>
<meta http-equiv="Content-Type" content="text/html;charset=utf-8" />
  <meta name='ocr-system' content='tesseract 3.04.00' />
  <meta name='ocr-capabilities' content='ocr_page ocr_carea ocr_par ocr_line ocrx_word'/>
</head>
<body>
  <div class='ocr_page' id='page_1' title='image "./theodosianilibri00codeuoft_0085.png"; bbox 0 0 2501 3615; ppageno 0'>
   <div class='ocr_carea' id='block_1_1' title="bbox 985 107 1317 143">
    <p class='ocr_par' dir='ltr' id='par_1_1' title="bbox 985 107 1317 143">
     <span class='ocr_line' id='line_1_1' title="bbox 985 107 1317 143; baseline 0.003 -1"><span class='ocrx_word' id='word_1_1' title='bbox 985 127 1027 133; x_wconf 93' lang='lat'><strong>—-</strong></span> <span class='ocrx_word' id='word_1_2' title='bbox 1076 107 1227 143; x_wconf 83' lang='lat' dir='ltr'>LXXIX</span> <span class='ocrx_word' id='word_1_3' title='bbox 1277 129 1317 134; x_wconf 90' lang='lat'><strong>-—</strong></span> 
     </span>
    </p>
   </div>
   <div class='ocr_carea' id='block_1_2' title="bbox 181 209 2114 708">
    <p class='ocr_par' dir='ltr' id='par_1_2' title="bbox 181 209 2114 708">
     <span class='ocr_line' id='line_1_2' title="bbox 184 209 2114 257; baseline 0.004 -12"><span class='ocrx_word' id='word_1_4' title='bbox 184 210 367 256; x_wconf 80' lang='lat' dir='ltr'><strong><em>plusieurs</em></strong></span> <span class='ocrx_word' id='word_1_5' title='bbox 397 221 458 244; x_wconf 83' lang='lat' dir='ltr'><strong>ms.</strong></span> <span class='ocrx_word' id='word_1_6' title='bbox 490 209 533 243; x_wconf 79' lang='lat' dir='ltr'><strong>dc</strong></span> <span class='ocrx_word' id='word_1_7' title='bbox 565 210 599 244; x_wconf 83' lang='lat' dir='ltr'><strong>Ia</strong></span> <span class='ocrx_word' id='word_1_8' title='bbox 629 210 708 245; x_wconf 75' lang='lat' dir='ltr'><strong>bibl.</strong></span> <span class='ocrx_word' id='word_1_9' title='bbox 734 210 924 245; x_wconf 72' lang='lat' dir='ltr'><strong>d&#39;Oe-Ic&#39;ans</strong></span> <span class='ocrx_word' id='word_1_10' title='bbox 956 223 991 256; x_wconf 84' lang='lat' dir='ltr'><strong>p.</strong></span> <span class='ocrx_word' id='word_1_11' title='bbox 1010 211 1071 250; x_wconf 84' lang='lat'><strong>30;</strong></span> <span class='ocrx_word' id='word_1_12' title='bbox 1101 212 1206 246; x_wconf 77' lang='lat' dir='ltr'><strong>catal.</strong></span> <span class='ocrx_word' id='word_1_13' title='bbox 1231 211 1280 245; x_wconf 52' lang='lat' dir='ltr'><strong>du,</strong></span> <span class='ocrx_word' id='word_1_14' title='bbox 1303 211 1411 254; x_wconf 79' lang='lat' dir='ltr'><strong>fonds</strong></span> <span class='ocrx_word' id='word_1_15' title='bbox 1438 211 1537 247; x_wconf 85' lang='lat' dir='ltr'><strong>Libri</strong></span> <span class='ocrx_word' id='word_1_16' title='bbox 1569 224 1603 257; x_wconf 85' lang='lat' dir='ltr'><strong>p.</strong></span> <span class='ocrx_word' id='word_1_17' title='bbox 1630 214 1709 254; x_wconf 83' lang='lat'>109;</span> <span class='ocrx_word' id='word_1_18' title='bbox 1741 214 1873 249; x_wconf 75' lang='lat' dir='ltr'><strong>noticcs</strong></span> <span class='ocrx_word' id='word_1_19' title='bbox 1904 219 1935 249; x_wconf 77' lang='lat' dir='ltr'><strong>et</strong></span> <span class='ocrx_word' id='word_1_20' title='bbox 1967 218 2114 252; x_wconf 73' lang='lat' dir='ltr'><strong>cxtraits</strong></span> 
     </span>
     <span class='ocr_line' id='line_1_3' title="bbox 187 267 2111 317; baseline 0.004 -14"><span class='ocrx_word' id='word_1_21' title='bbox 187 267 248 303; x_wconf 69' lang='lat' dir='ltr'><strong>des</strong></span> <span class='ocrx_word' id='word_1_22' title='bbox 271 267 486 302; x_wconf 74' lang='lat' dir='ltr'><em>manuscrits</em></span> <span class='ocrx_word' id='word_1_23' title='bbox 512 267 582 302; x_wconf 81' lang='lat' dir='ltr'><strong>vol.</strong></span> <span class='ocrx_word' id='word_1_24' title='bbox 600 268 642 302; x_wconf 77' lang='lat'>31</span> <span class='ocrx_word' id='word_1_25' title='bbox 672 267 789 313; x_wconf 83' lang='grc'>[1884]</span> <span class='ocrx_word' id='word_1_26' title='bbox 825 281 858 313; x_wconf 88' lang='lat' dir='ltr'><strong>p.</strong></span> <span class='ocrx_word' id='word_1_27' title='bbox 876 269 968 312; x_wconf 84' lang='grc'>386).</span> <span class='ocrx_word' id='word_1_28' title='bbox 1018 269 1164 305; x_wconf 75' lang='lat' dir='ltr'><strong>Saeculi</strong></span> <span class='ocrx_word' id='word_1_29' title='bbox 1194 272 1250 306; x_wconf 88' lang='lat' dir='ltr'><strong>est</strong></span> <span class='ocrx_word' id='word_1_30' title='bbox 1276 271 1306 305; x_wconf 85' lang='lat' dir='ltr'>X</span> <span class='ocrx_word' id='word_1_31' title='bbox 1333 270 1492 315; x_wconf 82' lang='lat' dir='ltr'><strong>scriptus</strong></span> <span class='ocrx_word' id='word_1_32' title='bbox 1522 271 1692 306; x_wconf 81' lang='lat' dir='ltr'><strong>manibus</strong></span> <span class='ocrx_word' id='word_1_33' title='bbox 1723 272 1884 317; x_wconf 85' lang='lat' dir='ltr'><strong>plurium</strong></span> <span class='ocrx_word' id='word_1_34' title='bbox 1917 273 1954 308; x_wconf 91' lang='lat' dir='ltr'><strong>in</strong></span> <span class='ocrx_word' id='word_1_35' title='bbox 1979 274 2111 310; x_wconf 71' lang='lat' dir='ltr'><strong>Gallia.</strong></span> 
     </span>
     <span class='ocr_line' id='line_1_4' title="bbox 188 323 2113 376; baseline 0.004 -16"><span class='ocrx_word' id='word_1_36' title='bbox 188 325 241 360; x_wconf 84' lang='lat' dir='ltr'><strong>Ex</strong></span> <span class='ocrx_word' id='word_1_37' title='bbox 267 323 524 360; x_wconf 68' lang='lat' dir='ltr'><strong>Theodosi-ano</strong></span> <span class='ocrx_word' id='word_1_38' title='bbox 555 336 650 368; x_wconf 76' lang='lat' dir='ltr'><strong>quae</strong></span> <span class='ocrx_word' id='word_1_39' title='bbox 681 325 796 360; x_wconf 84' lang='lat' dir='ltr'><strong>habet</strong></span> <span class='ocrx_word' id='word_1_40' title='bbox 829 326 926 360; x_wconf 85' lang='lat' dir='ltr'><strong>foliis</strong></span> <span class='ocrx_word' id='word_1_41' title='bbox 957 326 1040 361; x_wconf 82' lang='lat' dir='ltr'><strong>aliis</strong></span> <span class='ocrx_word' id='word_1_42' title='bbox 1071 327 1343 362; x_wconf 79' lang='lat' dir='ltr'><strong>deficientibus.</strong></span> <span class='ocrx_word' id='word_1_43' title='bbox 1377 327 1462 362; x_wconf 86' lang='lat' dir='ltr'><strong>aliis</strong></span> <span class='ocrx_word' id='word_1_44' title='bbox 1493 328 1729 373; x_wconf 73' lang='lat' dir='ltr'><strong>transpositis</strong></span> <span class='ocrx_word' id='word_1_45' title='bbox 1763 330 1946 376; x_wconf 86' lang='lat' dir='ltr'><strong>incipiunt</strong></span> <span class='ocrx_word' id='word_1_46' title='bbox 1980 334 2113 368; x_wconf 62' lang='lat' dir='ltr'><strong>mutilat</strong></span> 
     </span>
     <span class='ocr_line' id='line_1_5' title="bbox 187 381 2110 429; baseline 0.004 -11"><span class='ocrx_word' id='word_1_47' title='bbox 187 383 346 422; x_wconf 79' lang='lat'>3.1.5.2</span> <span class='ocrx_word' id='word_1_48' title='bbox 369 381 465 426; x_wconf 70' lang='lat' dir='ltr'><strong>qnod</strong></span> <span class='ocrx_word' id='word_1_49' title='bbox 489 382 519 416; x_wconf 76' lang='lat' dir='ltr'><strong>si</strong></span> <span class='ocrx_word' id='word_1_50' title='bbox 543 383 697 424; x_wconf 68' lang='lat' dir='ltr'><strong>suctum,</strong></span> <span class='ocrx_word' id='word_1_51' title='bbox 726 383 857 418; x_wconf 85' lang='lat' dir='ltr'><strong>finiunt</strong></span> <span class='ocrx_word' id='word_1_52' title='bbox 892 383 980 419; x_wconf 82' lang='lat' dir='ltr'><strong>item</strong></span> <span class='ocrx_word' id='word_1_53' title='bbox 1005 385 1138 420; x_wconf 73' lang='lat' dir='ltr'><strong>mutila</strong></span> <span class='ocrx_word' id='word_1_54' title='bbox 1166 386 1218 423; x_wconf 80' lang='grc'><strong>16,</strong></span> <span class='ocrx_word' id='word_1_55' title='bbox 1236 387 1286 423; x_wconf 80' lang='grc'><strong>11,</strong></span> <span class='ocrx_word' id='word_1_56' title='bbox 1302 386 1332 422; x_wconf 67' lang='grc'><strong>31.</strong></span> <span class='ocrx_word' id='word_1_57' title='bbox 1348 387 1369 420; x_wconf 87' lang='grc'><strong>2</strong></span> <span class='ocrx_word' id='word_1_58' title='bbox 1395 389 1591 429; x_wconf 70' lang='lat' dir='ltr'><strong>parentum</strong></span> <span class='ocrx_word' id='word_1_59' title='bbox 1615 389 1824 422; x_wconf 74' lang='lat' dir='ltr'><strong>nostrorum.</strong></span> <span class='ocrx_word' id='word_1_60' title='bbox 1876 389 1913 423; x_wconf 87' lang='lat' dir='ltr'><strong>In</strong></span> <span class='ocrx_word' id='word_1_61' title='bbox 1940 390 2008 426; x_wconf 83' lang='lat' dir='ltr'><strong>fine</strong></span> <span class='ocrx_word' id='word_1_62' title='bbox 2036 391 2110 426; x_wconf 84' lang='lat' dir='ltr'><strong>brc-</strong></span> 
     </span>
     <span class='ocr_line' id='line_1_6' title="bbox 189 440 2111 492; baseline 0.004 -16"><span class='ocrx_word' id='word_1_63' title='bbox 189 440 296 476; x_wconf 80' lang='lat' dir='ltr'><strong>viarii</strong></span> <span class='ocrx_word' id='word_1_64' title='bbox 314 440 514 484; x_wconf 59' lang='lat' dir='ltr'><strong>(mm-98)</strong></span> <span class='ocrx_word' id='word_1_65' title='bbox 539 443 595 475; x_wconf 80' lang='lat' dir='ltr'><strong>est</strong></span> <span class='ocrx_word' id='word_1_66' title='bbox 620 441 809 486; x_wconf 74' lang='lat' dir='ltr'><strong>appendix</strong></span> <span class='ocrx_word' id='word_1_67' title='bbox 836 442 944 487; x_wconf 83' lang='lat' dir='ltr'><strong>prior.</strong></span> <span class='ocrx_word' id='word_1_68' title='bbox 971 443 1016 478; x_wconf 89' lang='lat' dir='ltr'><strong>de</strong></span> <span class='ocrx_word' id='word_1_69' title='bbox 1035 455 1109 488; x_wconf 77' lang='lat' dir='ltr'><strong>qua</strong></span> <span class='ocrx_word' id='word_1_70' title='bbox 1135 443 1229 478; x_wconf 72' lang='lat' dir='ltr'><strong>infra</strong></span> <span class='ocrx_word' id='word_1_71' title='bbox 1256 457 1290 489; x_wconf 84' lang='lat' dir='ltr'><strong>p.</strong></span> <span class='ocrx_word' id='word_1_72' title='bbox 1308 444 1494 479; x_wconf 80' lang='lat' dir='ltr'>LXXXIII</span> <span class='ocrx_word' id='word_1_73' title='bbox 1520 444 1678 482; x_wconf 76' lang='lat' dir='ltr'><strong>dicetur:</strong></span> <span class='ocrx_word' id='word_1_74' title='bbox 1705 446 1953 492; x_wconf 79' lang='lat' dir='ltr'><strong>subscriptum</strong></span> <span class='ocrx_word' id='word_1_75' title='bbox 1981 448 2029 483; x_wconf 86' lang='lat' dir='ltr'><strong>ei:</strong></span> <span class='ocrx_word' id='word_1_76' title='bbox 2056 459 2111 482; x_wconf 62' lang='lat' dir='ltr'><strong>ea)-</strong></span> 
     </span>
     <span class='ocr_line' id='line_1_7' title="bbox 181 498 2109 549; baseline 0.004 -16"><span class='ocrx_word' id='word_1_77' title='bbox 181 499 337 544; x_wconf 74' lang='lat' dir='ltr'><strong>pliciunt</strong></span> <span class='ocrx_word' id='word_1_78' title='bbox 362 498 459 532; x_wconf 62' lang='lat' dir='ltr'><strong>tituli</strong></span> <span class='ocrx_word' id='word_1_79' title='bbox 485 498 574 532; x_wconf 75' lang='lat' dir='ltr'><strong>iuris</strong></span> <span class='ocrx_word' id='word_1_80' title='bbox 597 509 687 542; x_wconf 79' lang='lat' dir='ltr'><strong>quac</strong></span> <span class='ocrx_word' id='word_1_81' title='bbox 712 499 750 532; x_wconf 75' lang='lat' dir='ltr'><strong>in</strong></span> <span class='ocrx_word' id='word_1_82' title='bbox 776 500 845 544; x_wconf 72' lang='lat' dir='ltr'><strong>Icyc</strong></span> <span class='ocrx_word' id='word_1_83' title='bbox 871 500 1040 535; x_wconf 78' lang='lat' dir='ltr'><strong>Romana</strong></span> <span class='ocrx_word' id='word_1_84' title='bbox 1063 502 1249 535; x_wconf 75' lang='lat' dir='ltr'><strong>consistent</strong></span> <span class='ocrx_word' id='word_1_85' title='bbox 1273 503 1420 544; x_wconf 64' lang='lat' dir='ltr'><strong>feliciter</strong></span> <span class='ocrx_word' id='word_1_86' title='bbox 1445 514 1559 536; x_wconf 78' lang='lat' dir='ltr'><strong>amen.</strong></span> <span class='ocrx_word' id='word_1_87' title='bbox 1616 503 1666 537; x_wconf 79' lang='lat' dir='ltr'><strong>Ex</strong></span> <span class='ocrx_word' id='word_1_88' title='bbox 1694 504 1829 543; x_wconf 77' lang='lat' dir='ltr'><strong>codiee,</strong></span> <span class='ocrx_word' id='word_1_89' title='bbox 1857 517 1965 549; x_wconf 79' lang='lat' dir='ltr'><strong>quem</strong></span> <span class='ocrx_word' id='word_1_90' title='bbox 1991 508 2109 541; x_wconf 89' lang='lat' dir='ltr'><strong>totum</strong></span> 
     </span>
     <span class='ocr_line' id='line_1_8' title="bbox 187 556 2110 607; baseline 0.002 -14"><span class='ocrx_word' id='word_1_91' title='bbox 187 556 348 593; x_wconf 83' lang='lat' dir='ltr'><strong>contulit</strong></span> <span class='ocrx_word' id='word_1_92' title='bbox 372 556 532 595; x_wconf 81' lang='lat' dir='ltr'><strong>Haeuel.</strong></span> <span class='ocrx_word' id='word_1_93' title='bbox 560 568 628 602; x_wconf 77' lang='lat' dir='ltr'><strong>ego</strong></span> <span class='ocrx_word' id='word_1_94' title='bbox 656 560 803 602; x_wconf 82' lang='lat' dir='ltr'><strong>praeter</strong></span> <span class='ocrx_word' id='word_1_95' title='bbox 833 557 1020 603; x_wconf 73' lang='lat' dir='ltr'><strong>specimen</strong></span> <span class='ocrx_word' id='word_1_96' title='bbox 1047 562 1095 603; x_wconf 82' lang='lat' dir='ltr'><strong>(p.</strong></span> <span class='ocrx_word' id='word_1_97' title='bbox 1115 559 1212 593; x_wconf 80' lang='lat' dir='ltr'><strong>LXV</strong></span> <span class='ocrx_word' id='word_1_98' title='bbox 1217 562 1228 602; x_wconf 72' lang='lat'>)</span> <span class='ocrx_word' id='word_1_99' title='bbox 1254 562 1291 595; x_wconf 90' lang='lat' dir='ltr'><strong>et</strong></span> <span class='ocrx_word' id='word_1_100' title='bbox 1317 559 1562 605; x_wconf 79' lang='lat' dir='ltr'><strong>appendicem</strong></span> <span class='ocrx_word' id='word_1_101' title='bbox 1589 561 1730 597; x_wconf 88' lang='lat' dir='ltr'><strong>contuli</strong></span> <span class='ocrx_word' id='word_1_102' title='bbox 1762 561 1896 597; x_wconf 88' lang='lat' dir='ltr'><strong>librum</strong></span> <span class='ocrx_word' id='word_1_103' title='bbox 1922 565 2110 607; x_wconf 84' lang='lat' dir='ltr'><strong>quartun1;</strong></span> 
     </span>
     <span class='ocr_line' id='line_1_9' title="bbox 186 613 2111 662; baseline 0.004 -13"><span class='ocrx_word' id='word_1_104' title='bbox 186 614 250 650; x_wconf 88' lang='lat' dir='ltr'><strong>sed</strong></span> <span class='ocrx_word' id='word_1_105' title='bbox 273 616 350 650; x_wconf 86' lang='lat' dir='ltr'><strong>tam</strong></span> <span class='ocrx_word' id='word_1_106' title='bbox 382 613 540 649; x_wconf 86' lang='lat' dir='ltr'><strong>similem</strong></span> <span class='ocrx_word' id='word_1_107' title='bbox 568 626 649 650; x_wconf 89' lang='lat' dir='ltr'><strong>eum</strong></span> <span class='ocrx_word' id='word_1_108' title='bbox 675 614 822 661; x_wconf 77' lang='lat' dir='ltr'><strong>repperi</strong></span> <span class='ocrx_word' id='word_1_109' title='bbox 849 616 956 660; x_wconf 85' lang='lat' dir='ltr'><strong>plene</strong></span> <span class='ocrx_word' id='word_1_110' title='bbox 983 616 1203 651; x_wconf 76' lang='lat' dir='ltr'><strong>collatorum</strong></span> <span class='ocrx_word' id='word_1_111' title='bbox 1231 617 1370 652; x_wconf 76' lang='lat' dir='ltr'><strong>ordinis</strong></span> <span class='ocrx_word' id='word_1_112' title='bbox 1397 618 1625 662; x_wconf 78' lang='lat' dir='ltr'><strong>posterioris,</strong></span> <span class='ocrx_word' id='word_1_113' title='bbox 1658 618 1816 655; x_wconf 73' lang='lat' dir='ltr'><strong>maxime</strong></span> <span class='ocrx_word' id='word_1_114' title='bbox 1848 620 1964 656; x_wconf 78' lang='lat' dir='ltr'><strong>nostri</strong></span> <span class='ocrx_word' id='word_1_115' title='bbox 1989 620 2036 662; x_wconf 88' lang='lat' dir='ltr'><strong>L,</strong></span> <span class='ocrx_word' id='word_1_116' title='bbox 2070 623 2111 656; x_wconf 84' lang='lat' dir='ltr'><strong>ut.</strong></span> 
     </span>
     <span class='ocr_line' id='line_1_10' title="bbox 185 671 717 708; baseline 0.004 -2"><span class='ocrx_word' id='word_1_117' title='bbox 185 671 278 708; x_wconf 83' lang='lat' dir='ltr'><strong>haec</strong></span> <span class='ocrx_word' id='word_1_118' title='bbox 303 671 468 707; x_wconf 85' lang='lat' dir='ltr'><strong>sufficere</strong></span> <span class='ocrx_word' id='word_1_119' title='bbox 495 671 717 708; x_wconf 87' lang='lat' dir='ltr'><strong>viderentur.</strong></span> 
     </span>
    </p>
   </div>
   <div class='ocr_carea' id='block_1_3' title="bbox 181 775 2112 1272">
    <p class='ocr_par' dir='ltr' id='par_1_3' title="bbox 181 775 2112 1272">
     <span class='ocr_line' id='line_1_11' title="bbox 300 775 2112 821; baseline 0.003 -11"><span class='ocrx_word' id='word_1_120' title='bbox 300 775 557 821; x_wconf 80' lang='lat' dir='ltr'><strong>Lugdunensis</strong></span> <span class='ocrx_word' id='word_1_121' title='bbox 587 776 733 812; x_wconf 80' lang='lat' dir='ltr'><strong>Galliae</strong></span> <span class='ocrx_word' id='word_1_122' title='bbox 765 776 878 812; x_wconf 79' lang='lat' dir='ltr'><strong>codex</strong></span> <span class='ocrx_word' id='word_1_123' title='bbox 909 789 942 811; x_wconf 88' lang='grc'><strong>11,</strong></span> <span class='ocrx_word' id='word_1_124' title='bbox 961 777 1029 811; x_wconf 77' lang='lat'><strong>303</strong></span> <span class='ocrx_word' id='word_1_125' title='bbox 1062 788 1156 812; x_wconf 78' lang='lat' dir='ltr'><strong>saec.</strong></span> <span class='ocrx_word' id='word_1_126' title='bbox 1176 777 1272 821; x_wconf 71' lang='lat' dir='ltr'><strong>leX</strong></span> <span class='ocrx_word' id='word_1_127' title='bbox 1301 779 1453 821; x_wconf 68' lang='lat' dir='ltr'><strong>(llaencl</strong></span> <span class='ocrx_word' id='word_1_128' title='bbox 1484 780 1525 814; x_wconf 75' lang='lat'><strong>13</strong></span> <span class='ocrx_word' id='word_1_129' title='bbox 1553 795 1593 809; x_wconf 89' lang='lat'><strong><em>=</em></strong></span> <span class='ocrx_word' id='word_1_130' title='bbox 1621 781 1691 820; x_wconf 66' lang='lat'>10),</span> <span class='ocrx_word' id='word_1_131' title='bbox 1726 780 1862 816; x_wconf 78' lang='lat' dir='ltr'><strong>ibidem</strong></span> <span class='ocrx_word' id='word_1_132' title='bbox 1894 784 1935 817; x_wconf 87' lang='lat' dir='ltr'><strong>ut</strong></span> <span class='ocrx_word' id='word_1_133' title='bbox 1967 781 2112 817; x_wconf 87' lang='lat' dir='ltr'><strong>videtur</strong></span> 
     </span>
     <span class='ocr_line' id='line_1_12' title="bbox 184 832 2109 881; baseline 0.003 -12"><span class='ocrx_word' id='word_1_134' title='bbox 184 832 392 870; x_wconf 83' lang='lat' dir='ltr'><strong>custoditus</strong></span> <span class='ocrx_word' id='word_1_135' title='bbox 422 833 470 868; x_wconf 83' lang='lat' dir='ltr'><strong>ab</strong></span> <span class='ocrx_word' id='word_1_136' title='bbox 503 833 675 878; x_wconf 81' lang='lat' dir='ltr'><strong>antiquo,</strong></span> <span class='ocrx_word' id='word_1_137' title='bbox 710 833 893 879; x_wconf 82' lang='lat' dir='ltr'><strong>incipiens</strong></span> <span class='ocrx_word' id='word_1_138' title='bbox 925 834 1078 869; x_wconf 87' lang='lat' dir='ltr'><strong>mutilus</strong></span> <span class='ocrx_word' id='word_1_139' title='bbox 1107 836 1138 873; x_wconf 72' lang='lat'><strong>3,</strong></span> <span class='ocrx_word' id='word_1_140' title='bbox 1158 836 1260 876; x_wconf 83' lang='grc'>16,1,</span> <span class='ocrx_word' id='word_1_141' title='bbox 1293 835 1421 871; x_wconf 84' lang='lat' dir='ltr'><strong>finiens</strong></span> <span class='ocrx_word' id='word_1_142' title='bbox 1451 836 1538 871; x_wconf 85' lang='lat' dir='ltr'><strong>item</strong></span> <span class='ocrx_word' id='word_1_143' title='bbox 1572 838 1724 873; x_wconf 81' lang='lat' dir='ltr'><strong>mutilus</strong></span> <span class='ocrx_word' id='word_1_144' title='bbox 1756 838 1793 873; x_wconf 90' lang='lat' dir='ltr'><strong>iu</strong></span> <span class='ocrx_word' id='word_1_145' title='bbox 1825 838 1941 874; x_wconf 79' lang='lat' dir='ltr'><strong>Paulo</strong></span> <span class='ocrx_word' id='word_1_146' title='bbox 1965 839 1997 880; x_wconf 84' lang='grc'><strong>3,</strong></span> <span class='ocrx_word' id='word_1_147' title='bbox 2011 840 2041 881; x_wconf 88' lang='grc'><strong>6,</strong></span> <span class='ocrx_word' id='word_1_148' title='bbox 2055 840 2109 880; x_wconf 86' lang='grc'><strong>44,</strong></span> 
     </span>
     <span class='ocr_line' id='line_1_13' title="bbox 183 890 2109 941; baseline 0.002 -14"><span class='ocrx_word' id='word_1_149' title='bbox 183 890 434 927; x_wconf 71' lang='lat' dir='ltr'><strong>memorabilis.</strong></span> <span class='ocrx_word' id='word_1_150' title='bbox 466 894 521 927; x_wconf 88' lang='lat' dir='ltr'><strong>est</strong></span> <span class='ocrx_word' id='word_1_151' title='bbox 550 894 703 936; x_wconf 89' lang='lat' dir='ltr'><strong>propter</strong></span> <span class='ocrx_word' id='word_1_152' title='bbox 733 891 1078 936; x_wconf 76' lang='lat' dir='ltr'><strong>interpretationem</strong></span> <span class='ocrx_word' id='word_1_153' title='bbox 1110 892 1157 927; x_wconf 72' lang='lat' dir='ltr'><strong>ab</strong></span> <span class='ocrx_word' id='word_1_154' title='bbox 1189 892 1336 928; x_wconf 87' lang='lat' dir='ltr'><strong>homine</strong></span> <span class='ocrx_word' id='word_1_155' title='bbox 1366 906 1486 928; x_wconf 84' lang='lat' dir='ltr'><strong>rerum</strong></span> <span class='ocrx_word' id='word_1_156' title='bbox 1519 894 1638 939; x_wconf 87' lang='lat' dir='ltr'><strong>perito</strong></span> <span class='ocrx_word' id='word_1_157' title='bbox 1664 898 1846 931; x_wconf 74' lang='lat' dir='ltr'><strong>mutatam</strong></span> <span class='ocrx_word' id='word_1_158' title='bbox 1877 899 2109 941; x_wconf 76' lang='lat' dir='ltr'><strong>auctamque,</strong></span> 
     </span>
     <span class='ocr_line' id='line_1_14' title="bbox 183 948 2111 996; baseline 0.002 -12"><span class='ocrx_word' id='word_1_159' title='bbox 183 960 295 994; x_wconf 84' lang='lat' dir='ltr'><strong>quam</strong></span> <span class='ocrx_word' id='word_1_160' title='bbox 320 950 440 985; x_wconf 84' lang='lat' dir='ltr'><strong>totam</strong></span> <span class='ocrx_word' id='word_1_161' title='bbox 466 948 586 984; x_wconf 85' lang='lat' dir='ltr'><strong>edidit</strong></span> <span class='ocrx_word' id='word_1_162' title='bbox 601 949 743 985; x_wconf 83' lang='lat' dir='ltr'><strong>Haenel</strong></span> <span class='ocrx_word' id='word_1_163' title='bbox 770 948 1024 993; x_wconf 73' lang='lat' dir='ltr'><strong>tractavitque</strong></span> <span class='ocrx_word' id='word_1_164' title='bbox 1050 948 1139 985; x_wconf 89' lang='lat' dir='ltr'><strong>item</strong></span> <span class='ocrx_word' id='word_1_165' title='bbox 1158 950 1230 985; x_wconf 67' lang='lat' dir='ltr'><strong>lac.</strong></span> <span class='ocrx_word' id='word_1_166' title='bbox 1249 950 1365 985; x_wconf 72' lang='lat' dir='ltr'><strong>Flach</strong></span> <span class='ocrx_word' id='word_1_167' title='bbox 1389 951 1523 995; x_wconf 62' lang='lat' dir='ltr'><strong>(eludes</strong></span> <span class='ocrx_word' id='word_1_168' title='bbox 1548 952 1714 996; x_wconf 70' lang='lat' dir='ltr'><strong>critt&#39;qeces</strong></span> <span class='ocrx_word' id='word_1_169' title='bbox 1737 963 1802 987; x_wconf 74' lang='lat' dir='ltr'><strong>sm·</strong></span> <span class='ocrx_word' id='word_1_170' title='bbox 1823 953 1923 988; x_wconf 67' lang='lat' dir='ltr'><strong>l’hist.</strong></span> <span class='ocrx_word' id='word_1_171' title='bbox 1942 953 1993 987; x_wconf 69' lang='lat' dir='ltr'><strong>da</strong></span> <span class='ocrx_word' id='word_1_172' title='bbox 2016 954 2111 988; x_wconf 74' lang='lat' dir='ltr'><strong>droit</strong></span> 
     </span>
     <span class='ocr_line' id='line_1_15' title="bbox 183 1006 2110 1052; baseline 0.003 -11"><span class='ocrx_word' id='word_1_173' title='bbox 183 1007 323 1042; x_wconf 77' lang='lat' dir='ltr'><strong>romain</strong></span> <span class='ocrx_word' id='word_1_174' title='bbox 358 1006 513 1042; x_wconf 81' lang='lat' dir='ltr'><strong>Parisiis</strong></span> <span class='ocrx_word' id='word_1_175' title='bbox 544 1007 646 1050; x_wconf 83' lang='lat'>1890)</span> <span class='ocrx_word' id='word_1_176' title='bbox 681 1019 716 1052; x_wconf 87' lang='lat' dir='ltr'><strong>p.</strong></span> <span class='ocrx_word' id='word_1_177' title='bbox 739 1007 784 1042; x_wconf 81' lang='lat'><strong>83</strong></span> <span class='ocrx_word' id='word_1_178' title='bbox 802 1018 877 1050; x_wconf 86' lang='lat' dir='ltr'><strong>seq.</strong></span> <span class='ocrx_word' id='word_1_179' title='bbox 937 1006 1071 1042; x_wconf 88' lang='lat' dir='ltr'><strong>Locmn</strong></span> <span class='ocrx_word' id='word_1_180' title='bbox 1111 1007 1195 1043; x_wconf 89' lang='lat' dir='ltr'><strong>inde</strong></span> <span class='ocrx_word' id='word_1_181' title='bbox 1233 1007 1394 1043; x_wconf 76' lang='lat' dir='ltr'><strong>inlutum</strong></span> <span class='ocrx_word' id='word_1_182' title='bbox 1435 1009 1469 1043; x_wconf 92' lang='lat' dir='ltr'><strong>in</strong></span> <span class='ocrx_word' id='word_1_183' title='bbox 1508 1009 1670 1045; x_wconf 76' lang='lat' dir='ltr'><strong>codicem</strong></span> <span class='ocrx_word' id='word_1_184' title='bbox 1709 1010 1926 1047; x_wconf 80' lang='lat' dir='ltr'><strong>Trecensem</strong></span> <span class='ocrx_word' id='word_1_185' title='bbox 1962 1024 1994 1045; x_wconf 91' lang='lat' dir='ltr'><strong>n.</strong></span> <span class='ocrx_word' id='word_1_186' title='bbox 2023 1012 2110 1047; x_wconf 87' lang='lat'>1406</span> 
     </span>
     <span class='ocr_line' id='line_1_16' title="bbox 182 1063 2106 1114; baseline 0.003 -15"><span class='ocrx_word' id='word_1_187' title='bbox 182 1077 277 1101; x_wconf 77' lang='lat' dir='ltr'><strong>saec.</strong></span> <span class='ocrx_word' id='word_1_188' title='bbox 301 1065 390 1100; x_wconf 78' lang='lat' dir='ltr'><strong>xm</strong></span> <span class='ocrx_word' id='word_1_189' title='bbox 424 1077 502 1101; x_wconf 87' lang='lat' dir='ltr'><strong>esse</strong></span> <span class='ocrx_word' id='word_1_190' title='bbox 536 1063 734 1101; x_wconf 83' lang='lat' dir='ltr'><strong>adnotavit</strong></span> <span class='ocrx_word' id='word_1_191' title='bbox 766 1064 943 1099; x_wconf 83' lang='lat' dir='ltr'><strong>Fournier</strong></span> <span class='ocrx_word' id='word_1_192' title='bbox 975 1066 1126 1100; x_wconf 73' lang='lat' dir='ltr'><strong>annales</strong></span> <span class='ocrx_word' id='word_1_193' title='bbox 1156 1065 1198 1100; x_wconf 83' lang='lat' dir='ltr'><strong>de</strong></span> <span class='ocrx_word' id='word_1_194' title='bbox 1228 1066 1453 1101; x_wconf 77' lang='lat' dir='ltr'><strong>I&#39;Unircrsile‘</strong></span> <span class='ocrx_word' id='word_1_195' title='bbox 1485 1067 1528 1101; x_wconf 81' lang='lat' dir='ltr'><strong>dc</strong></span> <span class='ocrx_word' id='word_1_196' title='bbox 1557 1068 1726 1103; x_wconf 71' lang='lat' dir='ltr'><strong>Grenoblc</strong></span> <span class='ocrx_word' id='word_1_197' title='bbox 1753 1070 1791 1104; x_wconf 95' lang='lat'>11</span> <span class='ocrx_word' id='word_1_198' title='bbox 1819 1070 1938 1113; x_wconf 80' lang='grc'>(1899)</span> <span class='ocrx_word' id='word_1_199' title='bbox 1972 1082 2005 1114; x_wconf 87' lang='lat' dir='ltr'><strong>p.</strong></span> <span class='ocrx_word' id='word_1_200' title='bbox 2029 1071 2106 1106; x_wconf 73' lang='lat'>2352.</span> 
     </span>
     <span class='ocr_line' id='line_1_17' title="bbox 181 1121 2107 1171; baseline 0.003 -14"><span class='ocrx_word' id='word_1_201' title='bbox 181 1122 260 1169; x_wconf 84' lang='lat' dir='ltr'><strong>Ego</strong></span> <span class='ocrx_word' id='word_1_202' title='bbox 278 1121 432 1158; x_wconf 86' lang='lat' dir='ltr'><strong>Parisiis</strong></span> <span class='ocrx_word' id='word_1_203' title='bbox 456 1123 599 1158; x_wconf 83' lang='lat' dir='ltr'><strong>textum</strong></span> <span class='ocrx_word' id='word_1_204' title='bbox 625 1121 768 1157; x_wconf 87' lang='lat' dir='ltr'><strong>contuli</strong></span> <span class='ocrx_word' id='word_1_205' title='bbox 795 1124 943 1167; x_wconf 82' lang='lat' dir='ltr'><strong>praeter</strong></span> <span class='ocrx_word' id='word_1_206' title='bbox 967 1122 1152 1167; x_wconf 82' lang='lat' dir='ltr'><strong>specimen</strong></span> <span class='ocrx_word' id='word_1_207' title='bbox 1178 1125 1227 1168; x_wconf 74' lang='lat' dir='ltr'><strong>(p.</strong></span> <span class='ocrx_word' id='word_1_208' title='bbox 1243 1124 1354 1168; x_wconf 77' lang='lat' dir='ltr'>LXV)</span> <span class='ocrx_word' id='word_1_209' title='bbox 1380 1125 1427 1159; x_wconf 84' lang='lat' dir='ltr'><strong>ad</strong></span> <span class='ocrx_word' id='word_1_210' title='bbox 1452 1125 1558 1160; x_wconf 89' lang='lat' dir='ltr'><strong>finem</strong></span> <span class='ocrx_word' id='word_1_211' title='bbox 1585 1125 1671 1161; x_wconf 90' lang='lat' dir='ltr'><strong>libri</strong></span> <span class='ocrx_word' id='word_1_212' title='bbox 1697 1125 1832 1170; x_wconf 63' lang='lat' dir='ltr'><strong>quarti.</strong></span> <span class='ocrx_word' id='word_1_213' title='bbox 1874 1126 1942 1161; x_wconf 87' lang='lat' dir='ltr'><strong>Hic</strong></span> <span class='ocrx_word' id='word_1_214' title='bbox 1961 1139 2107 1171; x_wconf 89' lang='lat' dir='ltr'><strong>quoque</strong></span> 
     </span>
     <span class='ocr_line' id='line_1_18' title="bbox 181 1178 2109 1230; baseline 0.002 -15"><span class='ocrx_word' id='word_1_215' title='bbox 181 1179 278 1215; x_wconf 82' lang='lat' dir='ltr'><strong>liber</strong></span> <span class='ocrx_word' id='word_1_216' title='bbox 307 1179 346 1214; x_wconf 91' lang='lat' dir='ltr'><strong>in</strong></span> <span class='ocrx_word' id='word_1_217' title='bbox 377 1181 483 1215; x_wconf 81' lang='lat' dir='ltr'><strong>textu</strong></span> <span class='ocrx_word' id='word_1_218' title='bbox 512 1191 663 1225; x_wconf 82' lang='lat' dir='ltr'><strong>perraro</strong></span> <span class='ocrx_word' id='word_1_219' title='bbox 692 1178 834 1214; x_wconf 82' lang='lat' dir='ltr'><strong>recedit</strong></span> <span class='ocrx_word' id='word_1_220' title='bbox 864 1191 886 1215; x_wconf 77' lang='lat' dir='ltr'>a</span> <span class='ocrx_word' id='word_1_221' title='bbox 910 1178 1022 1215; x_wconf 81' lang='lat' dir='ltr'><strong>solita</strong></span> <span class='ocrx_word' id='word_1_222' title='bbox 1052 1180 1169 1215; x_wconf 68' lang='lat' dir='ltr'><strong>forma</strong></span> <span class='ocrx_word' id='word_1_223' title='bbox 1200 1193 1318 1225; x_wconf 86' lang='lat' dir='ltr'><strong>neque</strong></span> <span class='ocrx_word' id='word_1_224' title='bbox 1344 1181 1476 1227; x_wconf 85' lang='lat' dir='ltr'><strong>dignus</strong></span> <span class='ocrx_word' id='word_1_225' title='bbox 1503 1181 1600 1217; x_wconf 77' lang='lat' dir='ltr'><strong>visus</strong></span> <span class='ocrx_word' id='word_1_226' title='bbox 1628 1184 1698 1224; x_wconf 84' lang='lat' dir='ltr'><strong>est,</strong></span> <span class='ocrx_word' id='word_1_227' title='bbox 1731 1195 1840 1228; x_wconf 85' lang='lat' dir='ltr'><strong>quem</strong></span> <span class='ocrx_word' id='word_1_228' title='bbox 1874 1186 1994 1219; x_wconf 89' lang='lat' dir='ltr'><strong>totum</strong></span> <span class='ocrx_word' id='word_1_229' title='bbox 2025 1186 2109 1230; x_wconf 85' lang='lat' dir='ltr'><strong>post</strong></span> 
     </span>
     <span class='ocr_line' id='line_1_19' title="bbox 181 1236 639 1272; baseline -0.002 0"><span class='ocrx_word' id='word_1_230' title='bbox 181 1236 402 1272; x_wconf 80' lang='lat' dir='ltr'><strong>Haenelium</strong></span> <span class='ocrx_word' id='word_1_231' title='bbox 427 1236 639 1272; x_wconf 85' lang='lat' dir='ltr'><strong>conferrem.</strong></span> 
     </span>
    </p>
   </div>
   <div class='ocr_carea' id='block_1_4' title="bbox 178 1337 2108 1963">
    <p class='ocr_par' dir='ltr' id='par_1_4' title="bbox 178 1337 2108 1963">
     <span class='ocr_line' id='line_1_20' title="bbox 295 1337 2107 1389; baseline 0.002 -15"><span class='ocrx_word' id='word_1_232' title='bbox 295 1337 524 1374; x_wconf 84' lang='lat' dir='ltr'><strong>Pithoeanus</strong></span> <span class='ocrx_word' id='word_1_233' title='bbox 548 1338 644 1375; x_wconf 90' lang='lat' dir='ltr'><strong>liber</strong></span> <span class='ocrx_word' id='word_1_234' title='bbox 668 1351 763 1374; x_wconf 85' lang='lat' dir='ltr'><strong>saec.</strong></span> <span class='ocrx_word' id='word_1_235' title='bbox 782 1339 843 1381; x_wconf 85' lang='lat' dir='ltr'><strong>IX,</strong></span> <span class='ocrx_word' id='word_1_236' title='bbox 871 1339 976 1375; x_wconf 84' lang='lat' dir='ltr'><strong>nobis</strong></span> <span class='ocrx_word' id='word_1_237' title='bbox 997 1339 1041 1382; x_wconf 85' lang='lat' dir='ltr'><strong>F,</strong></span> <span class='ocrx_word' id='word_1_238' title='bbox 1068 1340 1179 1376; x_wconf 87' lang='lat' dir='ltr'><strong>hodie</strong></span> <span class='ocrx_word' id='word_1_239' title='bbox 1204 1341 1338 1387; x_wconf 74' lang='lat' dir='ltr'><strong>exigua-</strong></span> <span class='ocrx_word' id='word_1_240' title='bbox 1371 1345 1477 1387; x_wconf 71' lang='lat' dir='ltr'><strong>purte</strong></span> <span class='ocrx_word' id='word_1_241' title='bbox 1504 1343 1658 1385; x_wconf 85' lang='lat' dir='ltr'><strong>(Haencl</strong></span> <span class='ocrx_word' id='word_1_242' title='bbox 1687 1344 1757 1379; x_wconf 74' lang='lat' dir='ltr'><strong>lla</strong></span> <span class='ocrx_word' id='word_1_243' title='bbox 1776 1360 1818 1373; x_wconf 89' lang='lat'><strong><em>=</em></strong></span> <span class='ocrx_word' id='word_1_244' title='bbox 1839 1345 1926 1389; x_wconf 74' lang='grc'>1711)</span> <span class='ocrx_word' id='word_1_245' title='bbox 1951 1345 2107 1389; x_wconf 78' lang='lat' dir='ltr'><strong>excepta</strong></span> 
     </span>
     <span class='ocr_line' id='line_1_21' title="bbox 182 1395 2105 1447; baseline 0.002 -15"><span class='ocrx_word' id='word_1_246' title='bbox 182 1395 411 1442; x_wconf 88' lang='lat' dir='ltr'><strong>deperditus,</strong></span> <span class='ocrx_word' id='word_1_247' title='bbox 442 1395 550 1431; x_wconf 87' lang='lat' dir='ltr'><strong>nobis</strong></span> <span class='ocrx_word' id='word_1_248' title='bbox 580 1396 743 1432; x_wconf 84' lang='lat' dir='ltr'><strong>innotuit</strong></span> <span class='ocrx_word' id='word_1_249' title='bbox 769 1408 835 1441; x_wconf 91' lang='lat' dir='ltr'><strong>per</strong></span> <span class='ocrx_word' id='word_1_250' title='bbox 859 1408 903 1433; x_wconf 72' lang='lat' dir='ltr'><strong>ea</strong></span> <span class='ocrx_word' id='word_1_251' title='bbox 927 1398 1018 1438; x_wconf 87' lang='lat' dir='ltr'><strong>fere,</strong></span> <span class='ocrx_word' id='word_1_252' title='bbox 1051 1410 1146 1442; x_wconf 78' lang='lat' dir='ltr'><strong>quae</strong></span> <span class='ocrx_word' id='word_1_253' title='bbox 1171 1397 1256 1434; x_wconf 86' lang='lat' dir='ltr'><strong>inde</strong></span> <span class='ocrx_word' id='word_1_254' title='bbox 1282 1399 1413 1435; x_wconf 83' lang='lat' dir='ltr'><strong>Petrus</strong></span> <span class='ocrx_word' id='word_1_255' title='bbox 1439 1399 1615 1435; x_wconf 84' lang='lat' dir='ltr'><strong>Pithoeus</strong></span> <span class='ocrx_word' id='word_1_256' title='bbox 1632 1403 1740 1446; x_wconf 69' lang='lat' dir='ltr'><strong>pater</strong></span> <span class='ocrx_word' id='word_1_257' title='bbox 1766 1401 2105 1447; x_wconf 43' lang='lat'><strong>(149627-15535&#39;4)</strong></span> 
     </span>
     <span class='ocr_line' id='line_1_22' title="bbox 181 1452 2107 1499; baseline 0.004 -11"><span class='ocrx_word' id='word_1_258' title='bbox 181 1452 381 1499; x_wconf 83' lang='lat' dir='ltr'><strong>adscripsit</strong></span> <span class='ocrx_word' id='word_1_259' title='bbox 419 1453 467 1488; x_wconf 89' lang='lat' dir='ltr'><strong>ad</strong></span> <span class='ocrx_word' id='word_1_260' title='bbox 498 1453 688 1499; x_wconf 75' lang='lat' dir='ltr'><strong>exemplar</strong></span> <span class='ocrx_word' id='word_1_261' title='bbox 721 1453 896 1489; x_wconf 85' lang='lat' dir='ltr'><strong>editionis</strong></span> <span class='ocrx_word' id='word_1_262' title='bbox 928 1454 1191 1491; x_wconf 72' lang='lat' dir='ltr'><strong>Sichardianue</strong></span> <span class='ocrx_word' id='word_1_263' title='bbox 1226 1459 1411 1492; x_wconf 82' lang='lat' dir='ltr'><strong>servatum</strong></span> <span class='ocrx_word' id='word_1_264' title='bbox 1453 1457 1561 1493; x_wconf 88' lang='lat' dir='ltr'><strong>hodie</strong></span> <span class='ocrx_word' id='word_1_265' title='bbox 1598 1457 1634 1492; x_wconf 90' lang='lat' dir='ltr'><strong>in</strong></span> <span class='ocrx_word' id='word_1_266' title='bbox 1667 1457 1897 1493; x_wconf 69' lang='lat' dir='ltr'><strong>bibliotheca</strong></span> <span class='ocrx_word' id='word_1_267' title='bbox 1939 1458 2107 1495; x_wconf 61' lang='lat' dir='ltr'><strong>Parisino,</strong></span> 
     </span>
     <span class='ocr_line' id='line_1_23' title="bbox 180 1509 2106 1557; baseline 0.003 -11"><span class='ocrx_word' id='word_1_268' title='bbox 180 1509 344 1555; x_wconf 64' lang='lat' dir='ltr'><strong>(Besa-ve</strong></span> <span class='ocrx_word' id='word_1_269' title='bbox 363 1509 450 1554; x_wconf 82' lang='lat' dir='ltr'><strong>F4)</strong></span> <span class='ocrx_word' id='word_1_270' title='bbox 468 1510 666 1556; x_wconf 78' lang='lat' dir='ltr'><strong>adsumpto</strong></span> <span class='ocrx_word' id='word_1_271' title='bbox 692 1511 911 1557; x_wconf 77' lang='lat' dir='ltr'><strong>apographo</strong></span> <span class='ocrx_word' id='word_1_272' title='bbox 929 1511 1048 1557; x_wconf 78' lang='lat' dir='ltr'><strong>partis</strong></span> <span class='ocrx_word' id='word_1_273' title='bbox 1067 1512 1145 1547; x_wconf 89' lang='lat' dir='ltr'><strong>eius</strong></span> <span class='ocrx_word' id='word_1_274' title='bbox 1170 1512 1257 1547; x_wconf 89' lang='lat' dir='ltr'><strong>libri</strong></span> <span class='ocrx_word' id='word_1_275' title='bbox 1282 1514 1379 1557; x_wconf 88' lang='lat' dir='ltr'><strong>quod</strong></span> <span class='ocrx_word' id='word_1_276' title='bbox 1405 1515 1461 1549; x_wconf 86' lang='lat' dir='ltr'><strong>cst</strong></span> <span class='ocrx_word' id='word_1_277' title='bbox 1486 1513 1523 1548; x_wconf 86' lang='lat' dir='ltr'><strong>in</strong></span> <span class='ocrx_word' id='word_1_278' title='bbox 1548 1514 1777 1550; x_wconf 77' lang='lat' dir='ltr'><strong>bibliotheca</strong></span> <span class='ocrx_word' id='word_1_279' title='bbox 1803 1516 1929 1551; x_wconf 79' lang='lat' dir='ltr'><strong>eadem</strong></span> <span class='ocrx_word' id='word_1_280' title='bbox 1955 1528 1989 1551; x_wconf 92' lang='lat' dir='ltr'><strong>n.</strong></span> <span class='ocrx_word' id='word_1_281' title='bbox 2006 1517 2106 1552; x_wconf 81' lang='lat'>4420.</span> 
     </span>
     <span class='ocr_line' id='line_1_24' title="bbox 180 1567 2108 1617; baseline 0.004 -15"><span class='ocrx_word' id='word_1_282' title='bbox 180 1567 239 1602; x_wconf 89' lang='lat' dir='ltr'><strong>Ad</strong></span> <span class='ocrx_word' id='word_1_283' title='bbox 263 1567 454 1613; x_wconf 80' lang='lat' dir='ltr'><strong>exemplar</strong></span> <span class='ocrx_word' id='word_1_284' title='bbox 477 1567 572 1603; x_wconf 81' lang='lat' dir='ltr'><strong>illud</strong></span> <span class='ocrx_word' id='word_1_285' title='bbox 597 1569 879 1604; x_wconf 79' lang='lat' dir='ltr'><strong>Sichardianum</strong></span> <span class='ocrx_word' id='word_1_286' title='bbox 905 1581 1000 1614; x_wconf 78' lang='lat' dir='ltr'><strong>quae</strong></span> <span class='ocrx_word' id='word_1_287' title='bbox 1026 1572 1112 1605; x_wconf 87' lang='lat' dir='ltr'><strong>sunt</strong></span> <span class='ocrx_word' id='word_1_288' title='bbox 1136 1570 1335 1616; x_wconf 70' lang='lat' dir='ltr'><strong>adscripta,</strong></span> <span class='ocrx_word' id='word_1_289' title='bbox 1363 1571 1488 1607; x_wconf 85' lang='lat' dir='ltr'><strong>codice</strong></span> <span class='ocrx_word' id='word_1_290' title='bbox 1513 1572 1593 1617; x_wconf 85' lang='lat' dir='ltr'><strong>ipso</strong></span> <span class='ocrx_word' id='word_1_291' title='bbox 1620 1575 1714 1609; x_wconf 87' lang='lat' dir='ltr'><strong>teste</strong></span> <span class='ocrx_word' id='word_1_292' title='bbox 1739 1573 1877 1609; x_wconf 76' lang='lat' dir='ltr'><strong>‘iacobi</strong></span> <span class='ocrx_word' id='word_1_293' title='bbox 1901 1573 2045 1609; x_wconf 65' lang='lat' dir='ltr'><strong>Cui-acii</strong></span> <span class='ocrx_word' id='word_1_294' title='bbox 2069 1578 2108 1609; x_wconf 89' lang='lat' dir='ltr'><strong>et</strong></span> 
     </span>
     <span class='ocr_line' id='line_1_25' title="bbox 180 1624 2106 1667; baseline 0.004 -8"><span class='ocrx_word' id='word_1_295' title='bbox 180 1624 283 1660; x_wconf 90' lang='lat' dir='ltr'><strong>Petri</strong></span> <span class='ocrx_word' id='word_1_296' title='bbox 300 1624 450 1662; x_wconf 91' lang='lat' dir='ltr'><strong>Pithoei</strong></span> <span class='ocrx_word' id='word_1_297' title='bbox 467 1626 580 1667; x_wconf 88' lang='lat' dir='ltr'><strong>sunt&#39;;</strong></span> <span class='ocrx_word' id='word_1_298' title='bbox 605 1626 775 1662; x_wconf 71' lang='lat' dir='ltr'><strong>examine</strong></span> <span class='ocrx_word' id='word_1_299' title='bbox 793 1626 967 1663; x_wconf 88' lang='lat' dir='ltr'><strong>instituto</strong></span> <span class='ocrx_word' id='word_1_300' title='bbox 991 1639 1013 1662; x_wconf 78' lang='lat' dir='ltr'>a</span> <span class='ocrx_word' id='word_1_301' title='bbox 1032 1627 1150 1662; x_wconf 87' lang='lat' dir='ltr'><strong>Leone</strong></span> <span class='ocrx_word' id='word_1_302' title='bbox 1167 1627 1282 1663; x_wconf 89' lang='lat' dir='ltr'><strong>Dorez</strong></span> <span class='ocrx_word' id='word_1_303' title='bbox 1305 1628 1592 1664; x_wconf 80' lang='lat' dir='ltr'><strong>bibliothecario</strong></span> <span class='ocrx_word' id='word_1_304' title='bbox 1610 1629 1776 1665; x_wconf 72' lang='lat' dir='ltr'><strong>Parisino</strong></span> <span class='ocrx_word' id='word_1_305' title='bbox 1797 1630 2106 1667; x_wconf 80' lang='lat' dir='ltr'><strong>collectaneorum</strong></span> 
     </span>
     <span class='ocr_line' id='line_1_26' title="bbox 180 1681 2106 1732; baseline 0.004 -15"><span class='ocrx_word' id='word_1_306' title='bbox 180 1681 471 1719; x_wconf 85' lang='lat' dir='ltr'><strong>Pithoeanorum</strong></span> <span class='ocrx_word' id='word_1_307' title='bbox 494 1682 617 1720; x_wconf 88' lang='lat' dir='ltr'><strong>iudice</strong></span> <span class='ocrx_word' id='word_1_308' title='bbox 643 1683 868 1729; x_wconf 86' lang='lat' dir='ltr'><strong>peritissimo</strong></span> <span class='ocrx_word' id='word_1_309' title='bbox 899 1686 1130 1730; x_wconf 69' lang='lat' dir='ltr'><strong>patefactum</strong></span> <span class='ocrx_word' id='word_1_310' title='bbox 1164 1687 1220 1721; x_wconf 84' lang='lat' dir='ltr'><strong>est</strong></span> <span class='ocrx_word' id='word_1_311' title='bbox 1251 1688 1395 1730; x_wconf 85' lang='lat' dir='ltr'><strong>partem</strong></span> <span class='ocrx_word' id='word_1_312' title='bbox 1426 1698 1550 1721; x_wconf 87' lang='lat' dir='ltr'><strong>corum</strong></span> <span class='ocrx_word' id='word_1_313' title='bbox 1582 1687 1830 1732; x_wconf 79' lang='lat' dir='ltr'><strong>antiquiorem</strong></span> <span class='ocrx_word' id='word_1_314' title='bbox 1860 1689 1898 1723; x_wconf 89' lang='lat' dir='ltr'><strong>et</strong></span> <span class='ocrx_word' id='word_1_315' title='bbox 1931 1688 2106 1724; x_wconf 69' lang='lat' dir='ltr'><strong>maiorem</strong></span> 
     </span>
     <span class='ocr_line' id='line_1_27' title="bbox 180 1739 2105 1790; baseline 0.004 -16"><span class='ocrx_word' id='word_1_316' title='bbox 180 1739 305 1776; x_wconf 87' lang='lat' dir='ltr'><strong>venire</strong></span> <span class='ocrx_word' id='word_1_317' title='bbox 329 1751 352 1776; x_wconf 87' lang='lat' dir='ltr'>a</span> <span class='ocrx_word' id='word_1_318' title='bbox 375 1752 487 1776; x_wconf 86' lang='lat' dir='ltr'><strong>manu</strong></span> <span class='ocrx_word' id='word_1_319' title='bbox 513 1740 634 1786; x_wconf 90' lang='lat' dir='ltr'><strong>perito</strong></span> <span class='ocrx_word' id='word_1_320' title='bbox 660 1740 717 1776; x_wconf 92' lang='lat' dir='ltr'><strong>illi</strong></span> <span class='ocrx_word' id='word_1_321' title='bbox 742 1741 882 1787; x_wconf 72' lang='lat' dir='ltr'><strong>ignota⁷</strong></span> <span class='ocrx_word' id='word_1_322' title='bbox 910 1754 1005 1786; x_wconf 77' lang='lat' dir='ltr'><strong>quae</strong></span> <span class='ocrx_word' id='word_1_323' title='bbox 1030 1755 1102 1777; x_wconf 91' lang='lat' dir='ltr'><strong>non</strong></span> <span class='ocrx_word' id='word_1_324' title='bbox 1128 1744 1252 1787; x_wconf 81' lang='lat' dir='ltr'><strong>potest</strong></span> <span class='ocrx_word' id='word_1_325' title='bbox 1278 1754 1354 1778; x_wconf 89' lang='lat' dir='ltr'><strong>esse</strong></span> <span class='ocrx_word' id='word_1_326' title='bbox 1380 1743 1451 1778; x_wconf 82' lang='lat' dir='ltr'><strong>nisi</strong></span> <span class='ocrx_word' id='word_1_327' title='bbox 1477 1744 1579 1779; x_wconf 86' lang='lat' dir='ltr'><strong>Petri</strong></span> <span class='ocrx_word' id='word_1_328' title='bbox 1604 1744 1752 1781; x_wconf 83' lang='lat' dir='ltr'><strong>Pithoei</strong></span> <span class='ocrx_word' id='word_1_329' title='bbox 1777 1745 1904 1790; x_wconf 84' lang='lat' dir='ltr'><strong>patris,</strong></span> <span class='ocrx_word' id='word_1_330' title='bbox 1931 1746 2105 1790; x_wconf 81' lang='lat' dir='ltr'><strong>posterio-</strong></span> 
     </span>
     <span class='ocr_line' id='line_1_28' title="bbox 179 1797 2104 1844; baseline 0.003 -12"><span class='ocrx_word' id='word_1_331' title='bbox 179 1809 256 1834; x_wconf 88' lang='lat' dir='ltr'><strong>rem</strong></span> <span class='ocrx_word' id='word_1_332' title='bbox 273 1797 383 1844; x_wconf 88' lang='lat' dir='ltr'><strong>longe</strong></span> <span class='ocrx_word' id='word_1_333' title='bbox 399 1797 579 1835; x_wconf 80' lang='lat' dir='ltr'><strong>minorem</strong></span> <span class='ocrx_word' id='word_1_334' title='bbox 603 1811 625 1834; x_wconf 84' lang='lat' dir='ltr'>a</span> <span class='ocrx_word' id='word_1_335' title='bbox 642 1811 754 1834; x_wconf 84' lang='lat' dir='ltr'><strong>manu</strong></span> <span class='ocrx_word' id='word_1_336' title='bbox 771 1799 872 1835; x_wconf 88' lang='lat' dir='ltr'><strong>Petri</strong></span> <span class='ocrx_word' id='word_1_337' title='bbox 889 1799 1037 1835; x_wconf 89' lang='lat' dir='ltr'><strong>Pithoei</strong></span> <span class='ocrx_word' id='word_1_338' title='bbox 1064 1799 1141 1841; x_wconf 85' lang='lat' dir='ltr'><strong>filii,</strong></span> <span class='ocrx_word' id='word_1_339' title='bbox 1167 1812 1240 1835; x_wconf 88' lang='lat' dir='ltr'><strong>non</strong></span> <span class='ocrx_word' id='word_1_340' title='bbox 1266 1812 1288 1835; x_wconf 77' lang='lat' dir='ltr'>a</span> <span class='ocrx_word' id='word_1_341' title='bbox 1314 1813 1423 1835; x_wconf 82' lang='lat' dir='ltr'><strong>manu</strong></span> <span class='ocrx_word' id='word_1_342' title='bbox 1443 1800 1596 1836; x_wconf 79' lang='lat' dir='ltr'><strong>Cuiacii.</strong></span> <span class='ocrx_word' id='word_1_343' title='bbox 1638 1802 1689 1837; x_wconf 90' lang='lat' dir='ltr'><strong>De</strong></span> <span class='ocrx_word' id='word_1_344' title='bbox 1716 1802 1840 1837; x_wconf 86' lang='lat' dir='ltr'><strong>codice</strong></span> <span class='ocrx_word' id='word_1_345' title='bbox 1866 1802 1930 1838; x_wconf 92' lang='lat' dir='ltr'><strong>illo</strong></span> <span class='ocrx_word' id='word_1_346' title='bbox 1957 1815 1979 1838; x_wconf 80' lang='lat' dir='ltr'>a</span> <span class='ocrx_word' id='word_1_347' title='bbox 1997 1804 2104 1839; x_wconf 89' lang='lat' dir='ltr'><strong>Petro</strong></span> 
     </span>
     <span class='ocr_line' id='line_1_29' title="bbox 180 1855 2105 1905; baseline 0.003 -14"><span class='ocrx_word' id='word_1_348' title='bbox 180 1855 337 1892; x_wconf 85' lang='lat' dir='ltr'><strong>Pithoeo</strong></span> <span class='ocrx_word' id='word_1_349' title='bbox 362 1858 470 1902; x_wconf 84' lang='lat' dir='ltr'><strong>patre</strong></span> <span class='ocrx_word' id='word_1_350' title='bbox 494 1859 674 1902; x_wconf 81' lang='lat' dir='ltr'><strong>usurpato</strong></span> <span class='ocrx_word' id='word_1_351' title='bbox 699 1868 795 1900; x_wconf 83' lang='lat' dir='ltr'><strong>quae</strong></span> <span class='ocrx_word' id='word_1_352' title='bbox 821 1856 974 1902; x_wconf 81' lang='lat' dir='ltr'><strong>exposui</strong></span> <span class='ocrx_word' id='word_1_353' title='bbox 999 1856 1037 1891; x_wconf 86' lang='lat' dir='ltr'><strong>in</strong></span> <span class='ocrx_word' id='word_1_354' title='bbox 1062 1857 1145 1902; x_wconf 86' lang='lat' dir='ltr'><strong>eph.</strong></span> <span class='ocrx_word' id='word_1_355' title='bbox 1174 1857 1401 1903; x_wconf 79' lang='lat' dir='ltr'><strong>Savigniana</strong></span> <span class='ocrx_word' id='word_1_356' title='bbox 1428 1858 1496 1893; x_wconf 81' lang='lat' dir='ltr'><strong>vol.</strong></span> <span class='ocrx_word' id='word_1_357' title='bbox 1513 1859 1556 1893; x_wconf 81' lang='lat'><strong>22</strong></span> <span class='ocrx_word' id='word_1_358' title='bbox 1577 1859 1693 1903; x_wconf 85' lang='lat'>(1901)</span> <span class='ocrx_word' id='word_1_359' title='bbox 1721 1872 1754 1904; x_wconf 91' lang='lat' dir='ltr'><strong>p.</strong></span> <span class='ocrx_word' id='word_1_360' title='bbox 1773 1861 1816 1894; x_wconf 81' lang='lat'><strong>55</strong></span> <span class='ocrx_word' id='word_1_361' title='bbox 1830 1872 1903 1905; x_wconf 84' lang='lat' dir='ltr'><strong>seq.</strong></span> <span class='ocrx_word' id='word_1_362' title='bbox 1930 1860 1998 1896; x_wconf 88' lang='lat' dir='ltr'><strong>hoc</strong></span> <span class='ocrx_word' id='word_1_363' title='bbox 2024 1862 2105 1896; x_wconf 90' lang='grc'>1000</span> 
     </span>
     <span class='ocr_line' id='line_1_30' title="bbox 178 1913 2047 1963; baseline 0.002 -13"><span class='ocrx_word' id='word_1_364' title='bbox 178 1914 343 1951; x_wconf 87' lang='lat' dir='ltr'><strong>breviter</strong></span> <span class='ocrx_word' id='word_1_365' title='bbox 365 1916 597 1960; x_wconf 88' lang='lat' dir='ltr'><strong>repetuntur.</strong></span> <span class='ocrx_word' id='word_1_366' title='bbox 639 1913 832 1957; x_wconf 79' lang='lat' dir='ltr'><strong>Volumen,</strong></span> <span class='ocrx_word' id='word_1_367' title='bbox 859 1915 957 1959; x_wconf 88' lang='lat' dir='ltr'><strong>quod</strong></span> <span class='ocrx_word' id='word_1_368' title='bbox 982 1914 1120 1960; x_wconf 78' lang='lat' dir='ltr'><strong>passim</strong></span> <span class='ocrx_word' id='word_1_369' title='bbox 1144 1915 1334 1950; x_wconf 84' lang='lat' dir='ltr'><strong>‘nostrum’</strong></span> <span class='ocrx_word' id='word_1_370' title='bbox 1360 1915 1452 1951; x_wconf 85' lang='lat' dir='ltr'><strong>dicit</strong></span> <span class='ocrx_word' id='word_1_371' title='bbox 1477 1915 1665 1958; x_wconf 78' lang='lat' dir='ltr'><strong>Pithoeus,</strong></span> <span class='ocrx_word' id='word_1_372' title='bbox 1695 1916 1880 1952; x_wconf 85' lang='lat' dir='ltr'><strong>continuit</strong></span> <span class='ocrx_word' id='word_1_373' title='bbox 1904 1918 1994 1954; x_wconf 83' lang='lat' dir='ltr'><strong>haee</strong></span> <span class='ocrx_word' id='word_1_374' title='bbox 2008 1921 2047 1963; x_wconf 81' lang='grc'><strong>1);</strong></span> 
     </span>
    </p>
   </div>
   <div class='ocr_carea' id='block_1_5' title="bbox 211 1994 2108 3146">
    <p class='ocr_par' dir='ltr' id='par_1_5' title="bbox 215 1994 2108 2560">
     <span class='ocr_line' id='line_1_31' title="bbox 215 1994 2104 2043; baseline 0.002 -12"><span class='ocrx_word' id='word_1_375' title='bbox 215 1996 246 2031; x_wconf 87' lang='grc'><strong>1.</strong></span> <span class='ocrx_word' id='word_1_376' title='bbox 271 1994 524 2031; x_wconf 74' lang='lat' dir='ltr'><strong>Theodosiani</strong></span> <span class='ocrx_word' id='word_1_377' title='bbox 549 1995 691 2031; x_wconf 82' lang='lat' dir='ltr'><strong>variam</strong></span> <span class='ocrx_word' id='word_1_378' title='bbox 717 1994 916 2031; x_wconf 88' lang='lat' dir='ltr'><strong>lectionem</strong></span> <span class='ocrx_word' id='word_1_379' title='bbox 944 1995 1145 2041; x_wconf 83' lang='lat' dir='ltr'><strong>adscripsit</strong></span> <span class='ocrx_word' id='word_1_380' title='bbox 1163 1996 1340 2032; x_wconf 83' lang='lat' dir='ltr'><strong>Pithoeus</strong></span> <span class='ocrx_word' id='word_1_381' title='bbox 1366 2009 1432 2042; x_wconf 87' lang='lat' dir='ltr'><strong>pro</strong></span> <span class='ocrx_word' id='word_1_382' title='bbox 1458 2009 1503 2032; x_wconf 71' lang='lat' dir='ltr'><strong>ea</strong></span> <span class='ocrx_word' id='word_1_383' title='bbox 1528 1998 1652 2033; x_wconf 75' lang='lat' dir='ltr'><strong>aetate</strong></span> <span class='ocrx_word' id='word_1_384' title='bbox 1678 1997 1768 2032; x_wconf 79' lang='lat' dir='ltr'><strong>satis</strong></span> <span class='ocrx_word' id='word_1_385' title='bbox 1793 1998 1917 2043; x_wconf 87' lang='lat' dir='ltr'><strong>plene;</strong></span> <span class='ocrx_word' id='word_1_386' title='bbox 1950 1999 2034 2035; x_wconf 86' lang='lat' dir='ltr'><strong>inde</strong></span> <span class='ocrx_word' id='word_1_387' title='bbox 2066 2000 2104 2034; x_wconf 88' lang='lat' dir='ltr'><strong>in</strong></span> 
     </span>
     <span class='ocr_line' id='line_1_32' title="bbox 270 2052 2103 2100; baseline 0.002 -12"><span class='ocrx_word' id='word_1_388' title='bbox 270 2053 367 2088; x_wconf 84' lang='lat' dir='ltr'><strong>hanc</strong></span> <span class='ocrx_word' id='word_1_389' title='bbox 393 2052 596 2089; x_wconf 84' lang='lat' dir='ltr'><strong>editionem</strong></span> <span class='ocrx_word' id='word_1_390' title='bbox 629 2054 785 2098; x_wconf 81' lang='lat' dir='ltr'><strong>recepta</strong></span> <span class='ocrx_word' id='word_1_391' title='bbox 816 2056 873 2089; x_wconf 86' lang='lat' dir='ltr'><strong>est</strong></span> <span class='ocrx_word' id='word_1_392' title='bbox 899 2053 1004 2088; x_wconf 80' lang='lat' dir='ltr'><strong>varia</strong></span> <span class='ocrx_word' id='word_1_393' title='bbox 1028 2053 1142 2090; x_wconf 84' lang='lat' dir='ltr'><strong>lectio</strong></span> <span class='ocrx_word' id='word_1_394' title='bbox 1173 2054 1220 2089; x_wconf 76' lang='lat' dir='ltr'><strong>ad</strong></span> <span class='ocrx_word' id='word_1_395' title='bbox 1253 2053 1389 2089; x_wconf 90' lang='lat' dir='ltr'><strong>librum</strong></span> <span class='ocrx_word' id='word_1_396' title='bbox 1415 2056 1587 2099; x_wconf 73' lang='lat' dir='ltr'><strong>quartum</strong></span> <span class='ocrx_word' id='word_1_397' title='bbox 1619 2055 1833 2100; x_wconf 83' lang='lat' dir='ltr'><strong>speciminis</strong></span> <span class='ocrx_word' id='word_1_398' title='bbox 1859 2068 1985 2097; x_wconf 71' lang='lat' dir='ltr'><strong>causa,</strong></span> <span class='ocrx_word' id='word_1_399' title='bbox 2019 2070 2103 2092; x_wconf 69' lang='lat' dir='ltr'><strong>num</strong></span> 
     </span>
     <span class='ocr_line' id='line_1_33' title="bbox 273 2110 2108 2158; baseline 0.002 -13"><span class='ocrx_word' id='word_1_400' title='bbox 273 2110 358 2156; x_wconf 83' lang='lat' dir='ltr'><strong>ipsa</strong></span> <span class='ocrx_word' id='word_1_401' title='bbox 375 2122 465 2156; x_wconf 85' lang='lat' dir='ltr'><strong>prae</strong></span> <span class='ocrx_word' id='word_1_402' title='bbox 481 2110 698 2147; x_wconf 89' lang='lat' dir='ltr'><strong>melioribus</strong></span> <span class='ocrx_word' id='word_1_403' title='bbox 716 2110 924 2147; x_wconf 81' lang='lat' dir='ltr'><strong>utilitatem</strong></span> <span class='ocrx_word' id='word_1_404' title='bbox 947 2123 1019 2146; x_wconf 89' lang='lat' dir='ltr'><strong>non</strong></span> <span class='ocrx_word' id='word_1_405' title='bbox 1042 2111 1168 2147; x_wconf 85' lang='lat' dir='ltr'><strong>habet.</strong></span> <span class='ocrx_word' id='word_1_406' title='bbox 1208 2112 1530 2148; x_wconf 75' lang='lat' dir='ltr'><strong>Demonst-rabitur</strong></span> <span class='ocrx_word' id='word_1_407' title='bbox 1547 2112 1582 2147; x_wconf 87' lang='lat' dir='ltr'><strong>in</strong></span> <span class='ocrx_word' id='word_1_408' title='bbox 1601 2113 1725 2158; x_wconf 79' lang='lat' dir='ltr'><strong>capite</strong></span> <span class='ocrx_word' id='word_1_409' title='bbox 1743 2116 1875 2148; x_wconf 79' lang='lat' dir='ltr'><strong>octavo</strong></span> <span class='ocrx_word' id='word_1_410' title='bbox 1893 2113 2055 2150; x_wconf 85' lang='lat' dir='ltr'><strong>codicem</strong></span> <span class='ocrx_word' id='word_1_411' title='bbox 2069 2115 2108 2148; x_wconf 88' lang='lat' dir='ltr'><em>F</em></span> 
     </span>
     <span class='ocr_line' id='line_1_34' title="bbox 271 2167 2103 2215; baseline 0.001 -10"><span class='ocrx_word' id='word_1_412' title='bbox 271 2168 386 2205; x_wconf 82' lang='lat' dir='ltr'><strong>etiam</strong></span> <span class='ocrx_word' id='word_1_413' title='bbox 411 2168 523 2205; x_wconf 87' lang='lat' dir='ltr'><strong>solito</strong></span> <span class='ocrx_word' id='word_1_414' title='bbox 548 2167 669 2214; x_wconf 87' lang='lat' dir='ltr'><strong>magis</strong></span> <span class='ocrx_word' id='word_1_415' title='bbox 687 2168 890 2204; x_wconf 76' lang='lat' dir='ltr'><strong>vaccillare</strong></span> <span class='ocrx_word' id='word_1_416' title='bbox 915 2168 1012 2204; x_wconf 88' lang='lat' dir='ltr'><strong>inter</strong></span> <span class='ocrx_word' id='word_1_417' title='bbox 1028 2168 1206 2204; x_wconf 89' lang='lat' dir='ltr'><strong>librorum</strong></span> <span class='ocrx_word' id='word_1_418' title='bbox 1231 2169 1376 2204; x_wconf 85' lang='lat' dir='ltr'><strong>ordines</strong></span> <span class='ocrx_word' id='word_1_419' title='bbox 1394 2170 1493 2211; x_wconf 84' lang='lat' dir='ltr'><strong>duos,</strong></span> <span class='ocrx_word' id='word_1_420' title='bbox 1520 2169 1670 2215; x_wconf 76' lang='lat' dir='ltr'><strong>propria</strong></span> <span class='ocrx_word' id='word_1_421' title='bbox 1695 2173 1818 2206; x_wconf 77' lang='lat' dir='ltr'><strong>autem</strong></span> <span class='ocrx_word' id='word_1_422' title='bbox 1843 2182 1937 2215; x_wconf 82' lang='lat' dir='ltr'><strong>quae</strong></span> <span class='ocrx_word' id='word_1_423' title='bbox 1954 2171 2103 2215; x_wconf 89' lang='lat' dir='ltr'><strong>quidem</strong></span> 
     </span>
     <span class='ocr_line' id='line_1_35' title="bbox 271 2225 2101 2273; baseline 0.001 -12"><span class='ocrx_word' id='word_1_424' title='bbox 271 2225 384 2261; x_wconf 80' lang='lat' dir='ltr'><strong>utilia</strong></span> <span class='ocrx_word' id='word_1_425' title='bbox 407 2225 485 2261; x_wconf 87' lang='lat' dir='ltr'><strong>sint</strong></span> <span class='ocrx_word' id='word_1_426' title='bbox 508 2225 548 2261; x_wconf 89' lang='lat' dir='ltr'><strong>in</strong></span> <span class='ocrx_word' id='word_1_427' title='bbox 571 2225 795 2262; x_wconf 78' lang='lat' dir='ltr'><strong>lectionibus</strong></span> <span class='ocrx_word' id='word_1_428' title='bbox 818 2238 1000 2271; x_wconf 82' lang='lat' dir='ltr'><strong>nusquam</strong></span> <span class='ocrx_word' id='word_1_429' title='bbox 1020 2239 1211 2272; x_wconf 72' lang='lat' dir='ltr'><strong>apparere.</strong></span> <span class='ocrx_word' id='word_1_430' title='bbox 1251 2227 1441 2269; x_wconf 77' lang='lat' dir='ltr'><strong>Attamen,</strong></span> <span class='ocrx_word' id='word_1_431' title='bbox 1468 2230 1509 2262; x_wconf 88' lang='lat' dir='ltr'><strong>ut</strong></span> <span class='ocrx_word' id='word_1_432' title='bbox 1533 2227 1570 2262; x_wconf 91' lang='lat' dir='ltr'><strong>in</strong></span> <span class='ocrx_word' id='word_1_433' title='bbox 1596 2227 1719 2273; x_wconf 86' lang='lat' dir='ltr'><strong>capite</strong></span> <span class='ocrx_word' id='word_1_434' title='bbox 1738 2228 1867 2272; x_wconf 88' lang='lat' dir='ltr'><strong>quinto</strong></span> <span class='ocrx_word' id='word_1_435' title='bbox 1886 2228 2101 2271; x_wconf 80' lang='lat' dir='ltr'><strong>videbimus,</strong></span> 
     </span>
     <span class='ocr_line' id='line_1_36' title="bbox 270 2283 2102 2330; baseline 0.001 -12"><span class='ocrx_word' id='word_1_436' title='bbox 270 2283 434 2319; x_wconf 85' lang='lat' dir='ltr'><strong>servavit</strong></span> <span class='ocrx_word' id='word_1_437' title='bbox 450 2283 513 2319; x_wconf 84' lang='lat' dir='ltr'><strong>hic</strong></span> <span class='ocrx_word' id='word_1_438' title='bbox 529 2284 625 2320; x_wconf 89' lang='lat' dir='ltr'><strong>liber</strong></span> <span class='ocrx_word' id='word_1_439' title='bbox 642 2283 927 2320; x_wconf 86' lang='lat' dir='ltr'><strong>constitutiones</strong></span> <span class='ocrx_word' id='word_1_440' title='bbox 953 2284 991 2319; x_wconf 90' lang='lat' dir='ltr'><strong>in</strong></span> <span class='ocrx_word' id='word_1_441' title='bbox 1017 2284 1178 2321; x_wconf 81' lang='lat' dir='ltr'><strong>ordinem</strong></span> <span class='ocrx_word' id='word_1_442' title='bbox 1204 2286 1373 2330; x_wconf 83' lang='lat' dir='ltr'><strong>receptas</strong></span> <span class='ocrx_word' id='word_1_443' title='bbox 1393 2285 1484 2320; x_wconf 84' lang='lat' dir='ltr'><strong>duas</strong></span> <span class='ocrx_word' id='word_1_444' title='bbox 1512 2285 1539 2327; x_wconf 89' lang='lat'>1,</span> <span class='ocrx_word' id='word_1_445' title='bbox 1556 2285 1618 2327; x_wconf 86' lang='grc'><strong>2,9</strong></span> <span class='ocrx_word' id='word_1_446' title='bbox 1639 2305 1679 2310; x_wconf 89' lang='grc'><strong>-</strong></span> <span class='ocrx_word' id='word_1_447' title='bbox 1700 2286 1728 2326; x_wconf 92' lang='grc'><strong>1,</strong></span> <span class='ocrx_word' id='word_1_448' title='bbox 1746 2286 1863 2327; x_wconf 76' lang='lat'>15,17‚</span> <span class='ocrx_word' id='word_1_449' title='bbox 1890 2298 1981 2330; x_wconf 87' lang='lat' dir='ltr'><strong>quas</strong></span> <span class='ocrx_word' id='word_1_450' title='bbox 2007 2285 2102 2321; x_wconf 82' lang='lat' dir='ltr'><strong>alius</strong></span> 
     </span>
     <span class='ocr_line' id='line_1_37' title="bbox 271 2341 2098 2387; baseline 0.001 -11"><span class='ocrx_word' id='word_1_451' title='bbox 271 2341 386 2377; x_wconf 85' lang='lat' dir='ltr'><strong>codex</strong></span> <span class='ocrx_word' id='word_1_452' title='bbox 409 2341 542 2387; x_wconf 89' lang='lat' dir='ltr'><strong>plenus</strong></span> <span class='ocrx_word' id='word_1_453' title='bbox 566 2341 691 2377; x_wconf 88' lang='lat' dir='ltr'><strong>nullus</strong></span> <span class='ocrx_word' id='word_1_454' title='bbox 716 2341 845 2383; x_wconf 84' lang='lat' dir='ltr'><strong>habet,</strong></span> <span class='ocrx_word' id='word_1_455' title='bbox 879 2354 1103 2387; x_wconf 78' lang='lat' dir='ltr'><strong>quamquam</strong></span> <span class='ocrx_word' id='word_1_456' title='bbox 1134 2342 1319 2377; x_wconf 78' lang='lat' dir='ltr'><strong>decurtati</strong></span> <span class='ocrx_word' id='word_1_457' title='bbox 1351 2345 1389 2378; x_wconf 87' lang='lat' dir='ltr'><strong>et</strong></span> <span class='ocrx_word' id='word_1_458' title='bbox 1415 2341 1610 2387; x_wconf 51' lang='lat' dir='ltr'><strong>epitom-‘iti</strong></span> <span class='ocrx_word' id='word_1_459' title='bbox 1641 2341 1785 2386; x_wconf 78' lang='lat' dir='ltr'><strong>aliquot</strong></span> <span class='ocrx_word' id='word_1_460' title='bbox 1817 2354 1879 2378; x_wconf 81' lang='lat' dir='ltr'><strong>eas</strong></span> <span class='ocrx_word' id='word_1_461' title='bbox 1909 2346 2098 2378; x_wconf 88' lang='lat' dir='ltr'><strong>noverunt.</strong></span> 
     </span>
     <span class='ocr_line' id='line_1_38' title="bbox 269 2398 2100 2444; baseline -0.001 -10"><span class='ocrx_word' id='word_1_462' title='bbox 269 2398 328 2434; x_wconf 85' lang='lat' dir='ltr'><strong>Ad</strong></span> <span class='ocrx_word' id='word_1_463' title='bbox 356 2399 556 2434; x_wconf 82' lang='lat' dir='ltr'><strong>secundam</strong></span> <span class='ocrx_word' id='word_1_464' title='bbox 586 2398 689 2435; x_wconf 88' lang='lat' dir='ltr'><strong>Petri</strong></span> <span class='ocrx_word' id='word_1_465' title='bbox 713 2399 864 2435; x_wconf 91' lang='lat' dir='ltr'><strong>Pithoei</strong></span> <span class='ocrx_word' id='word_1_466' title='bbox 897 2399 966 2434; x_wconf 88' lang='lat' dir='ltr'><strong>filii</strong></span> <span class='ocrx_word' id='word_1_467' title='bbox 999 2400 1115 2435; x_wconf 74' lang='lat' dir='ltr'><strong>frater</strong></span> <span class='ocrx_word' id='word_1_468' title='bbox 1139 2399 1356 2434; x_wconf 78' lang='lat' dir='ltr'><strong>Franciscus</strong></span> <span class='ocrx_word' id='word_1_469' title='bbox 1390 2399 1589 2444; x_wconf 86' lang='lat' dir='ltr'><strong>adscripsit</strong></span> <span class='ocrx_word' id='word_1_470' title='bbox 1620 2399 1658 2433; x_wconf 87' lang='lat' dir='ltr'><strong>in</strong></span> <span class='ocrx_word' id='word_1_471' title='bbox 1691 2399 1893 2444; x_wconf 80' lang='lat' dir='ltr'><strong>exemplari</strong></span> <span class='ocrx_word' id='word_1_472' title='bbox 1926 2399 2100 2435; x_wconf 76' lang='lat' dir='ltr'><strong>editionis</strong></span> 
     </span>
     <span class='ocr_line' id='line_1_39' title="bbox 270 2455 2099 2503; baseline 0.001 -12"><span class='ocrx_word' id='word_1_473' title='bbox 270 2455 497 2492; x_wconf 81' lang='lat' dir='ltr'><strong>Cuiacianae</strong></span> <span class='ocrx_word' id='word_1_474' title='bbox 522 2457 674 2499; x_wconf 78' lang='lat' dir='ltr'>a.1566‚</span> <span class='ocrx_word' id='word_1_475' title='bbox 701 2456 745 2492; x_wconf 87' lang='lat' dir='ltr'><strong>de</strong></span> <span class='ocrx_word' id='word_1_476' title='bbox 770 2468 843 2502; x_wconf 85' lang='lat' dir='ltr'><strong>quo</strong></span> <span class='ocrx_word' id='word_1_477' title='bbox 869 2456 1033 2493; x_wconf 83' lang='lat' dir='ltr'><strong>dicemus</strong></span> <span class='ocrx_word' id='word_1_478' title='bbox 1058 2457 1096 2491; x_wconf 90' lang='lat' dir='ltr'><strong>in</strong></span> <span class='ocrx_word' id='word_1_479' title='bbox 1122 2456 1246 2502; x_wconf 83' lang='lat' dir='ltr'><strong>capite</strong></span> <span class='ocrx_word' id='word_1_480' title='bbox 1272 2456 1447 2502; x_wconf 85' lang='lat' dir='ltr'><strong>septimo:</strong></span> <span class='ocrx_word' id='word_1_481' title='bbox 1476 2457 1515 2490; x_wconf 78' lang='lat' dir='ltr'><strong>in</strong></span> <span class='ocrx_word' id='word_1_482' title='bbox 1539 2457 1660 2501; x_wconf 79' lang='lat' dir='ltr'><strong>lib(ro)</strong></span> <span class='ocrx_word' id='word_1_483' title='bbox 1684 2457 1860 2501; x_wconf 74' lang='lat' dir='ltr'><strong>fr(atris),</strong></span> <span class='ocrx_word' id='word_1_484' title='bbox 1887 2457 2099 2503; x_wconf 79' lang='lat' dir='ltr'><strong>significans</strong></span> 
     </span>
     <span class='ocr_line' id='line_1_40' title="bbox 269 2513 1124 2560; baseline 0 -11"><span class='ocrx_word' id='word_1_485' title='bbox 269 2513 402 2559; x_wconf 87' lang='lat' dir='ltr'><strong>opinor</strong></span> <span class='ocrx_word' id='word_1_486' title='bbox 426 2514 616 2560; x_wconf 83' lang='lat' dir='ltr'><strong>exemplar</strong></span> <span class='ocrx_word' id='word_1_487' title='bbox 639 2516 807 2550; x_wconf 87' lang='lat' dir='ltr'><strong>nostrum</strong></span> <span class='ocrx_word' id='word_1_488' title='bbox 831 2514 1124 2550; x_wconf 81' lang='lat' dir='ltr'><strong>Sichardianum.</strong></span> 
     </span>
    </p>

    <p class='ocr_par' dir='ltr' id='par_1_6' title="bbox 211 2582 2099 3146">
     <span class='ocr_line' id='line_1_41' title="bbox 211 2582 2099 2630; baseline -0.001 -11"><span class='ocrx_word' id='word_1_489' title='bbox 211 2584 243 2619; x_wconf 84' lang='lat'><strong>2.</strong></span> <span class='ocrx_word' id='word_1_490' title='bbox 268 2583 447 2620; x_wconf 82' lang='lat' dir='ltr'><strong>Novellas</strong></span> <span class='ocrx_word' id='word_1_491' title='bbox 464 2583 644 2620; x_wconf 90' lang='lat' dir='ltr'><strong>Pithoeus</strong></span> <span class='ocrx_word' id='word_1_492' title='bbox 660 2587 770 2630; x_wconf 84' lang='lat' dir='ltr'><strong>pater</strong></span> <span class='ocrx_word' id='word_1_493' title='bbox 792 2584 965 2620; x_wconf 80' lang='lat' dir='ltr'><strong>similiter</strong></span> <span class='ocrx_word' id='word_1_494' title='bbox 983 2584 1021 2619; x_wconf 89' lang='lat' dir='ltr'><strong>iu</strong></span> <span class='ocrx_word' id='word_1_495' title='bbox 1039 2584 1243 2629; x_wconf 79' lang='lat' dir='ltr'><strong>exemplari</strong></span> <span class='ocrx_word' id='word_1_496' title='bbox 1262 2584 1327 2618; x_wconf 88' lang='lat' dir='ltr'><strong>illo</strong></span> <span class='ocrx_word' id='word_1_497' title='bbox 1347 2582 1588 2618; x_wconf 72' lang='lat' dir='ltr'><strong>Sichardiauo</strong></span> <span class='ocrx_word' id='word_1_498' title='bbox 1606 2582 1810 2625; x_wconf 71' lang='lat' dir='ltr'><strong>adnotavit,</strong></span> <span class='ocrx_word' id='word_1_499' title='bbox 1829 2595 1955 2619; x_wconf 82' lang='lat' dir='ltr'><strong>earum</strong></span> <span class='ocrx_word' id='word_1_500' title='bbox 1974 2584 2099 2618; x_wconf 81' lang='lat' dir='ltr'><strong>autem</strong></span> 
     </span>
     <span class='ocr_line' id='line_1_42' title="bbox 269 2640 2099 2688; baseline -0.002 -10"><span class='ocrx_word' id='word_1_501' title='bbox 269 2653 366 2687; x_wconf 82' lang='lat' dir='ltr'><strong>quae</strong></span> <span class='ocrx_word' id='word_1_502' title='bbox 401 2642 502 2688; x_wconf 81' lang='lat' dir='ltr'><strong>apud</strong></span> <span class='ocrx_word' id='word_1_503' title='bbox 537 2641 756 2677; x_wconf 86' lang='lat' dir='ltr'><strong>Sichardum</strong></span> <span class='ocrx_word' id='word_1_504' title='bbox 787 2642 955 2678; x_wconf 82' lang='lat' dir='ltr'><strong>deessent</strong></span> <span class='ocrx_word' id='word_1_505' title='bbox 984 2643 1206 2678; x_wconf 77' lang='lat' dir='ltr'><strong>laterculum</strong></span> <span class='ocrx_word' id='word_1_506' title='bbox 1231 2642 1349 2677; x_wconf 89' lang='lat' dir='ltr'><strong>eidem</strong></span> <span class='ocrx_word' id='word_1_507' title='bbox 1375 2640 1530 2677; x_wconf 85' lang='lat' dir='ltr'><strong>inseruit</strong></span> <span class='ocrx_word' id='word_1_508' title='bbox 1554 2643 1639 2676; x_wconf 76' lang='lat' dir='ltr'><strong>unte</strong></span> <span class='ocrx_word' id='word_1_509' title='bbox 1665 2640 1830 2676; x_wconf 79' lang='lat' dir='ltr'><strong>novellas</strong></span> <span class='ocrx_word' id='word_1_510' title='bbox 1845 2640 2099 2676; x_wconf 79' lang='lat' dir='ltr'><strong>Valentiniani</strong></span> 
     </span>
     <span class='ocr_line' id='line_1_43' title="bbox 268 2697 2097 2745; baseline -0.001 -11"><span class='ocrx_word' id='word_1_511' title='bbox 268 2700 293 2735; x_wconf 90' lang='lat' dir='ltr'><strong>f.</strong></span> <span class='ocrx_word' id='word_1_512' title='bbox 310 2700 364 2741; x_wconf 87' lang='grc'><strong>94,</strong></span> <span class='ocrx_word' id='word_1_513' title='bbox 390 2699 439 2734; x_wconf 79' lang='lat' dir='ltr'><strong>ad</strong></span> <span class='ocrx_word' id='word_1_514' title='bbox 462 2711 573 2744; x_wconf 89' lang='lat' dir='ltr'><strong>quem</strong></span> <span class='ocrx_word' id='word_1_515' title='bbox 597 2700 821 2735; x_wconf 87' lang='lat' dir='ltr'><strong>laterculum</strong></span> <span class='ocrx_word' id='word_1_516' title='bbox 837 2700 993 2745; x_wconf 87' lang='lat' dir='ltr'><strong>respicit</strong></span> <span class='ocrx_word' id='word_1_517' title='bbox 1012 2699 1185 2735; x_wconf 85' lang='lat' dir='ltr'><strong>Cuiacius</strong></span> <span class='ocrx_word' id='word_1_518' title='bbox 1210 2699 1248 2734; x_wconf 89' lang='lat' dir='ltr'><strong>in</strong></span> <span class='ocrx_word' id='word_1_519' title='bbox 1266 2698 1496 2744; x_wconf 74' lang='lat' dir='ltr'><strong>praefatione</strong></span> <span class='ocrx_word' id='word_1_520' title='bbox 1522 2710 1554 2732; x_wconf 79' lang='lat' dir='ltr'><strong>a.</strong></span> <span class='ocrx_word' id='word_1_521' title='bbox 1578 2698 1666 2733; x_wconf 82' lang='grc'>1566</span> <span class='ocrx_word' id='word_1_522' title='bbox 1694 2697 1830 2733; x_wconf 87' lang='lat' dir='ltr'><strong>verbis:</strong></span> <span class='ocrx_word' id='word_1_523' title='bbox 1855 2698 2097 2733; x_wconf 82' lang='lat' dir='ltr'><strong>‘novellarum</strong></span> 
     </span>
     <span class='ocr_line' id='line_1_44' title="bbox 267 2755 2094 2802; baseline -0.001 -10"><span class='ocrx_word' id='word_1_524' title='bbox 267 2769 365 2802; x_wconf 85' lang='lat' dir='ltr'><strong>quae</strong></span> <span class='ocrx_word' id='word_1_525' title='bbox 396 2757 530 2792; x_wconf 89' lang='lat' dir='ltr'><strong>desunt</strong></span> <span class='ocrx_word' id='word_1_526' title='bbox 559 2756 734 2792; x_wconf 82' lang='lat' dir='ltr'><strong>notitiam</strong></span> <span class='ocrx_word' id='word_1_527' title='bbox 767 2758 927 2793; x_wconf 89' lang='lat' dir='ltr'><strong>contulit</strong></span> <span class='ocrx_word' id='word_1_528' title='bbox 956 2758 1053 2794; x_wconf 84' lang='lat' dir='ltr'><strong>ultro</strong></span> <span class='ocrx_word' id='word_1_529' title='bbox 1084 2758 1215 2793; x_wconf 89' lang='lat' dir='ltr'><strong>Petrus</strong></span> <span class='ocrx_word' id='word_1_530' title='bbox 1245 2756 1436 2792; x_wconf 87' lang='lat' dir='ltr'><strong>Pithoeus’</strong></span> <span class='ocrx_word' id='word_1_531' title='bbox 1467 2755 1733 2800; x_wconf 88' lang='lat' dir='ltr'><strong>edideruntque</strong></span> <span class='ocrx_word' id='word_1_532' title='bbox 1765 2767 1849 2791; x_wconf 88' lang='lat' dir='ltr'><strong>eum</strong></span> <span class='ocrx_word' id='word_1_533' title='bbox 1875 2755 2094 2791; x_wconf 82' lang='lat' dir='ltr'><strong>laterculum</strong></span> 
     </span>
     <span class='ocr_line' id='line_1_45' title="bbox 269 2811 2096 2860; baseline -0.001 -10"><span class='ocrx_word' id='word_1_534' title='bbox 269 2813 443 2850; x_wconf 82' lang='lat' dir='ltr'><strong>Cuiacius</strong></span> <span class='ocrx_word' id='word_1_535' title='bbox 468 2813 507 2848; x_wconf 89' lang='lat' dir='ltr'><strong>in</strong></span> <span class='ocrx_word' id='word_1_536' title='bbox 531 2813 696 2850; x_wconf 89' lang='lat' dir='ltr'><strong>editione</strong></span> <span class='ocrx_word' id='word_1_537' title='bbox 720 2825 764 2849; x_wconf 82' lang='lat' dir='ltr'><strong>ea</strong></span> <span class='ocrx_word' id='word_1_538' title='bbox 785 2814 1052 2860; x_wconf 75' lang='lat' dir='ltr'><strong>particulatim7</strong></span> <span class='ocrx_word' id='word_1_539' title='bbox 1079 2815 1265 2860; x_wconf 87' lang='lat' dir='ltr'><strong>integrum</strong></span> <span class='ocrx_word' id='word_1_540' title='bbox 1283 2813 1461 2849; x_wconf 86' lang='lat' dir='ltr'><strong>Pithoeus</strong></span> <span class='ocrx_word' id='word_1_541' title='bbox 1486 2813 1524 2847; x_wconf 88' lang='lat' dir='ltr'><strong>in</strong></span> <span class='ocrx_word' id='word_1_542' title='bbox 1549 2811 1710 2848; x_wconf 88' lang='lat' dir='ltr'><strong>editione</strong></span> <span class='ocrx_word' id='word_1_543' title='bbox 1735 2812 1974 2855; x_wconf 84' lang='lat' dir='ltr'><strong>novellarum,</strong></span> <span class='ocrx_word' id='word_1_544' title='bbox 2001 2825 2096 2858; x_wconf 84' lang='lat' dir='ltr'><strong>quae</strong></span> 
     </span>
     <span class='ocr_line' id='line_1_46' title="bbox 268 2868 2094 2917; baseline -0.001 -11"><span class='ocrx_word' id='word_1_545' title='bbox 268 2870 409 2917; x_wconf 86' lang='lat' dir='ltr'><strong>prodiit</strong></span> <span class='ocrx_word' id='word_1_546' title='bbox 422 2883 454 2907; x_wconf 87' lang='lat' dir='ltr'><strong>a.</strong></span> <span class='ocrx_word' id='word_1_547' title='bbox 471 2872 569 2907; x_wconf 82' lang='lat'>1571.</span> <span class='ocrx_word' id='word_1_548' title='bbox 607 2871 759 2907; x_wconf 85' lang='lat' dir='ltr'><strong>Scilicet</strong></span> <span class='ocrx_word' id='word_1_549' title='bbox 776 2871 814 2906; x_wconf 88' lang='lat' dir='ltr'><strong>in</strong></span> <span class='ocrx_word' id='word_1_550' title='bbox 831 2871 1065 2907; x_wconf 83' lang='lat' dir='ltr'><strong>dedicatione</strong></span> <span class='ocrx_word' id='word_1_551' title='bbox 1083 2871 1162 2907; x_wconf 89' lang='lat' dir='ltr'><strong>eius</strong></span> <span class='ocrx_word' id='word_1_552' title='bbox 1179 2883 1201 2906; x_wconf 84' lang='lat' dir='ltr'>a</span> <span class='ocrx_word' id='word_1_553' title='bbox 1216 2870 1372 2906; x_wconf 88' lang='lat' dir='ltr'><strong>Pithoeo</strong></span> <span class='ocrx_word' id='word_1_554' title='bbox 1390 2870 1437 2905; x_wconf 80' lang='lat' dir='ltr'><strong>ad</strong></span> <span class='ocrx_word' id='word_1_555' title='bbox 1453 2869 1644 2904; x_wconf 81' lang='lat' dir='ltr'><strong>Cuiacium</strong></span> <span class='ocrx_word' id='word_1_556' title='bbox 1662 2868 1804 2904; x_wconf 81' lang='lat' dir='ltr'><strong>directa</strong></span> <span class='ocrx_word' id='word_1_557' title='bbox 1826 2869 1878 2904; x_wconf 87' lang='lat' dir='ltr'><strong>sic</strong></span> <span class='ocrx_word' id='word_1_558' title='bbox 1892 2872 1963 2904; x_wconf 86' lang='lat' dir='ltr'><strong>est:</strong></span> <span class='ocrx_word' id='word_1_559' title='bbox 1989 2869 2094 2905; x_wconf 89' lang='lat' dir='ltr'><strong>‘Ecce</strong></span> 
     </span>
     <span class='ocr_line' id='line_1_47' title="bbox 269 2925 2095 2974; baseline -0.001 -11"><span class='ocrx_word' id='word_1_560' title='bbox 269 2927 342 2963; x_wconf 88' lang='lat' dir='ltr'><strong>tibi</strong></span> <span class='ocrx_word' id='word_1_561' title='bbox 357 2929 525 2964; x_wconf 83' lang='lat' dir='ltr'><strong>novellas</strong></span> <span class='ocrx_word' id='word_1_562' title='bbox 547 2928 657 2974; x_wconf 83' lang='lat' dir='ltr'><strong>ipsas,</strong></span> <span class='ocrx_word' id='word_1_563' title='bbox 677 2940 832 2973; x_wconf 83' lang='lat' dir='ltr'><strong>quarum</strong></span> <span class='ocrx_word' id='word_1_564' title='bbox 850 2929 896 2964; x_wconf 89' lang='lat' dir='ltr'><strong>ob</strong></span> <span class='ocrx_word' id='word_1_565' title='bbox 914 2929 1032 2963; x_wconf 86' lang='lat' dir='ltr'><strong>solum</strong></span> <span class='ocrx_word' id='word_1_566' title='bbox 1049 2928 1217 2968; x_wconf 86' lang='lat' dir='ltr'><strong>indicem,</strong></span> <span class='ocrx_word' id='word_1_567' title='bbox 1237 2939 1346 2972; x_wconf 87' lang='lat' dir='ltr'><strong>quem</strong></span> <span class='ocrx_word' id='word_1_568' title='bbox 1364 2938 1406 2962; x_wconf 85' lang='lat' dir='ltr'><strong>ex</strong></span> <span class='ocrx_word' id='word_1_569' title='bbox 1424 2938 1504 2961; x_wconf 87' lang='lat' dir='ltr'><strong>meo</strong></span> <span class='ocrx_word' id='word_1_570' title='bbox 1522 2925 1628 2960; x_wconf 87' lang='lat' dir='ltr'><strong>libro‘</strong></span> <span class='ocrx_word' id='word_1_571' title='bbox 1643 2925 1799 2971; x_wconf 83' lang='lat' dir='ltr'><strong>[seilicet</strong></span> <span class='ocrx_word' id='word_1_572' title='bbox 1816 2926 2016 2971; x_wconf 82' lang='lat' dir='ltr'><strong>exemplari</strong></span> <span class='ocrx_word' id='word_1_573' title='bbox 2030 2926 2095 2961; x_wconf 87' lang='lat' dir='ltr'><strong>illo</strong></span> 
     </span>
     <span class='ocr_line' id='line_1_48' title="bbox 269 2983 2094 3031; baseline -0.002 -10"><span class='ocrx_word' id='word_1_574' title='bbox 269 2986 525 3031; x_wconf 74' lang='lat' dir='ltr'><strong>Sichardiano]</strong></span> <span class='ocrx_word' id='word_1_575' title='bbox 550 2987 647 3021; x_wconf 88' lang='lat' dir='ltr'><strong>‘cum</strong></span> <span class='ocrx_word' id='word_1_576' title='bbox 672 2986 895 3031; x_wconf 78' lang='lat' dir='ltr'><strong>quibusdam</strong></span> <span class='ocrx_word' id='word_1_577' title='bbox 925 2985 1010 3021; x_wconf 84' lang='lat' dir='ltr'><strong>aliis</strong></span> <span class='ocrx_word' id='word_1_578' title='bbox 1040 2985 1304 3031; x_wconf 81' lang='lat' dir='ltr'><strong>imperatorum</strong></span> <span class='ocrx_word' id='word_1_579' title='bbox 1330 2983 1474 3030; x_wconf 83' lang='lat' dir='ltr'><strong>legibus</strong></span> <span class='ocrx_word' id='word_1_580' title='bbox 1499 2995 1712 3028; x_wconf 69' lang='lat' dir='ltr'><strong>acceperas,</strong></span> <span class='ocrx_word' id='word_1_581' title='bbox 1743 2983 1992 3028; x_wconf 78' lang='lat' dir='ltr'><strong>profusissime</strong></span> <span class='ocrx_word' id='word_1_582' title='bbox 2018 3011 2025 3018; x_wconf 92' lang='lat'><strong>.</strong></span> <span class='ocrx_word' id='word_1_583' title='bbox 2042 3012 2048 3018; x_wconf 93' lang='lat'><strong><em>.</em></strong></span> <span class='ocrx_word' id='word_1_584' title='bbox 2065 3011 2072 3018; x_wconf 91' lang='lat'><strong><em>.</em></strong></span> <span class='ocrx_word' id='word_1_585' title='bbox 2087 3012 2094 3019; x_wconf 90' lang='lat'><strong><em>.</em></strong></span> 
     </span>
     <span class='ocr_line' id='line_1_49' title="bbox 267 3040 2095 3088; baseline -0.002 -9"><span class='ocrx_word' id='word_1_586' title='bbox 267 3044 339 3080; x_wconf 88' lang='lat' dir='ltr'><strong>‘me</strong></span> <span class='ocrx_word' id='word_1_587' title='bbox 364 3043 565 3079; x_wconf 88' lang='lat' dir='ltr'><strong>honorasti.</strong></span> <span class='ocrx_word' id='word_1_588' title='bbox 593 3043 689 3079; x_wconf 89' lang='lat' dir='ltr'><strong>unde</strong></span> <span class='ocrx_word' id='word_1_589' title='bbox 715 3055 810 3085; x_wconf 75' lang='lat' dir='ltr'><strong>vero⁷</strong></span> <span class='ocrx_word' id='word_1_590' title='bbox 837 3043 1006 3088; x_wconf 80' lang='lat' dir='ltr'><strong>inquies?</strong></span> <span class='ocrx_word' id='word_1_591' title='bbox 1032 3054 1075 3078; x_wconf 87' lang='lat' dir='ltr'><strong>ex</strong></span> <span class='ocrx_word' id='word_1_592' title='bbox 1101 3042 1227 3079; x_wconf 86' lang='lat' dir='ltr'><strong>eodem</strong></span> <span class='ocrx_word' id='word_1_593' title='bbox 1252 3042 1333 3087; x_wconf 85' lang='lat' dir='ltr'><strong>ipso</strong></span> <span class='ocrx_word' id='word_1_594' title='bbox 1359 3040 1488 3087; x_wconf 83' lang='lat' dir='ltr'><strong>copiae</strong></span> <span class='ocrx_word' id='word_1_595' title='bbox 1514 3052 1634 3080; x_wconf 89' lang='lat' dir='ltr'><strong>cornu,</strong></span> <span class='ocrx_word' id='word_1_596' title='bbox 1660 3052 1703 3075; x_wconf 80' lang='lat' dir='ltr'><strong>ex</strong></span> <span class='ocrx_word' id='word_1_597' title='bbox 1726 3052 1797 3085; x_wconf 87' lang='lat' dir='ltr'><strong>quo</strong></span> <span class='ocrx_word' id='word_1_598' title='bbox 1823 3042 1861 3075; x_wconf 89' lang='lat' dir='ltr'><strong>et</strong></span> <span class='ocrx_word' id='word_1_599' title='bbox 1883 3040 1991 3077; x_wconf 83' lang='lat' dir='ltr'><strong>index</strong></span> <span class='ocrx_word' id='word_1_600' title='bbox 2016 3053 2095 3087; x_wconf 87' lang='lat' dir='ltr'><strong>pro-</strong></span> 
     </span>
     <span class='ocr_line' id='line_1_50' title="bbox 266 3098 2094 3146; baseline -0.002 -9"><span class='ocrx_word' id='word_1_601' title='bbox 266 3101 416 3142; x_wconf 74' lang='lat' dir='ltr'><strong>‘dierat‚</strong></span> <span class='ocrx_word' id='word_1_602' title='bbox 450 3100 489 3136; x_wconf 89' lang='lat' dir='ltr'><strong>id</strong></span> <span class='ocrx_word' id='word_1_603' title='bbox 513 3103 571 3136; x_wconf 85' lang='lat' dir='ltr'><strong>est</strong></span> <span class='ocrx_word' id='word_1_604' title='bbox 595 3112 639 3136; x_wconf 88' lang='lat' dir='ltr'><strong>ex</strong></span> <span class='ocrx_word' id='word_1_605' title='bbox 665 3100 895 3137; x_wconf 76' lang='lat' dir='ltr'><strong>bibliotheca</strong></span> <span class='ocrx_word' id='word_1_606' title='bbox 919 3099 1038 3146; x_wconf 82' lang='lat' dir='ltr'><strong>patris</strong></span> <span class='ocrx_word' id='word_1_607' title='bbox 1062 3099 1135 3135; x_wconf 88' lang='lat' dir='ltr'><strong>mei</strong></span> <span class='ocrx_word' id='word_1_608' title='bbox 1161 3127 1169 3134; x_wconf 91' lang='lat'>.</span> <span class='ocrx_word' id='word_1_609' title='bbox 1190 3127 1196 3134; x_wconf 95' lang='lat'>.</span> <span class='ocrx_word' id='word_1_610' title='bbox 1216 3126 1223 3133; x_wconf 94' lang='lat'>.</span> <span class='ocrx_word' id='word_1_611' title='bbox 1243 3127 1249 3133; x_wconf 92' lang='lat'><strong>.</strong></span> <span class='ocrx_word' id='word_1_612' title='bbox 1277 3098 1454 3134; x_wconf 75' lang='lat' dir='ltr'><strong>Novellas</strong></span> <span class='ocrx_word' id='word_1_613' title='bbox 1479 3110 1541 3134; x_wconf 79' lang='lat' dir='ltr'><strong>eas</strong></span> <span class='ocrx_word' id='word_1_614' title='bbox 1566 3100 1674 3142; x_wconf 83' lang='lat' dir='ltr'><strong>pater</strong></span> <span class='ocrx_word' id='word_1_615' title='bbox 1699 3109 1780 3132; x_wconf 89' lang='lat' dir='ltr'><strong>cum</strong></span> <span class='ocrx_word' id='word_1_616' title='bbox 1806 3124 1814 3132; x_wconf 88' lang='lat'><strong>.</strong></span> <span class='ocrx_word' id='word_1_617' title='bbox 1833 3125 1840 3133; x_wconf 91' lang='lat'><strong>.</strong></span> <span class='ocrx_word' id='word_1_618' title='bbox 1860 3125 1867 3132; x_wconf 93' lang='lat'><strong>.</strong></span> <span class='ocrx_word' id='word_1_619' title='bbox 1887 3125 1893 3132; x_wconf 95' lang='lat'>.</span> <span class='ocrx_word' id='word_1_620' title='bbox 1920 3098 1998 3143; x_wconf 86' lang='lat' dir='ltr'><strong>ipse</strong></span> <span class='ocrx_word' id='word_1_621' title='bbox 2023 3110 2094 3134; x_wconf 91' lang='lat' dir='ltr'><strong>non</strong></span> 
     </span>
    </p>
   </div>
   <div class='ocr_carea' id='block_1_6' title="bbox 174 3227 2095 3320">
    <p class='ocr_par' dir='ltr' id='par_1_7' title="bbox 174 3227 2095 3320">
     <span class='ocr_line' id='line_1_51' title="bbox 295 3227 2095 3273; baseline -0.001 -11"><span class='ocrx_word' id='word_1_622' title='bbox 295 3228 320 3272; x_wconf 84' lang='lat'><strong>¹)</strong></span> <span class='ocrx_word' id='word_1_623' title='bbox 343 3230 577 3273; x_wconf 81' lang='lat' dir='ltr'><strong>Praescripta,</strong></span> <span class='ocrx_word' id='word_1_624' title='bbox 609 3240 696 3271; x_wconf 89' lang='lat' dir='ltr'><strong>quae</strong></span> <span class='ocrx_word' id='word_1_625' title='bbox 727 3230 762 3262; x_wconf 87' lang='lat' dir='ltr'><strong>in</strong></span> <span class='ocrx_word' id='word_1_626' title='bbox 786 3229 998 3272; x_wconf 84' lang='lat' dir='ltr'><strong>ephemeride</strong></span> <span class='ocrx_word' id='word_1_627' title='bbox 1023 3229 1233 3273; x_wconf 78' lang='lat' dir='ltr'><strong>Savigniana</strong></span> <span class='ocrx_word' id='word_1_628' title='bbox 1262 3230 1379 3270; x_wconf 85' lang='lat' dir='ltr'><strong>attuli,</strong></span> <span class='ocrx_word' id='word_1_629' title='bbox 1414 3230 1526 3262; x_wconf 78' lang='lat' dir='ltr'><strong>socius</strong></span> <span class='ocrx_word' id='word_1_630' title='bbox 1557 3229 1667 3272; x_wconf 77' lang='lat' dir='ltr'><strong>operis</strong></span> <span class='ocrx_word' id='word_1_631' title='bbox 1698 3228 1799 3260; x_wconf 86' lang='lat' dir='ltr'><strong>huius</strong></span> <span class='ocrx_word' id='word_1_632' title='bbox 1823 3227 1951 3260; x_wconf 80' lang='lat' dir='ltr'><strong>Paulus</strong></span> <span class='ocrx_word' id='word_1_633' title='bbox 1977 3228 2095 3270; x_wconf 82' lang='lat' dir='ltr'><strong>Meyer</strong></span> 
     </span>
     <span class='ocr_line' id='line_1_52' title="bbox 174 3274 2092 3320; baseline -0.001 -11"><span class='ocrx_word' id='word_1_634' title='bbox 174 3275 351 3309; x_wconf 79' lang='lat' dir='ltr'><strong>volumine</strong></span> <span class='ocrx_word' id='word_1_635' title='bbox 373 3277 573 3320; x_wconf 80' lang='lat' dir='ltr'><strong>diligentius</strong></span> <span class='ocrx_word' id='word_1_636' title='bbox 597 3276 790 3315; x_wconf 85' lang='lat' dir='ltr'><strong>examinato</strong></span> <span class='ocrx_word' id='word_1_637' title='bbox 814 3276 929 3308; x_wconf 81' lang='lat' dir='ltr'><strong>docuit</strong></span> <span class='ocrx_word' id='word_1_638' title='bbox 953 3286 1006 3307; x_wconf 88' lang='lat' dir='ltr'><strong>me</strong></span> <span class='ocrx_word' id='word_1_639' title='bbox 1031 3277 1158 3318; x_wconf 80' lang='lat' dir='ltr'><strong>scripta</strong></span> <span class='ocrx_word' id='word_1_640' title='bbox 1183 3287 1255 3309; x_wconf 84' lang='lat' dir='ltr'><strong>esse</strong></span> <span class='ocrx_word' id='word_1_641' title='bbox 1279 3288 1299 3308; x_wconf 86' lang='lat' dir='ltr'>a</span> <span class='ocrx_word' id='word_1_642' title='bbox 1320 3277 1420 3309; x_wconf 89' lang='lat' dir='ltr'><strong>Petro</strong></span> <span class='ocrx_word' id='word_1_643' title='bbox 1442 3276 1583 3309; x_wconf 81' lang='lat' dir='ltr'><strong>I&#39;ithoeo</strong></span> <span class='ocrx_word' id='word_1_644' title='bbox 1608 3275 1677 3308; x_wconf 87' lang='lat' dir='ltr'><strong>filio</strong></span> <span class='ocrx_word' id='word_1_645' title='bbox 1703 3279 1736 3307; x_wconf 87' lang='lat' dir='ltr'><strong>et</strong></span> <span class='ocrx_word' id='word_1_646' title='bbox 1760 3279 1912 3317; x_wconf 81' lang='lat' dir='ltr'><strong>spectare</strong></span> <span class='ocrx_word' id='word_1_647' title='bbox 1936 3274 1980 3307; x_wconf 83' lang='lat' dir='ltr'><strong>ad</strong></span> <span class='ocrx_word' id='word_1_648' title='bbox 2005 3275 2092 3307; x_wconf 88' lang='lat' dir='ltr'><strong>codi-</strong></span> 
     </span>
    </p>
   </div>
   <div class='ocr_carea' id='block_1_7' title="bbox 175 3322 1085 3365">
    <p class='ocr_par' dir='ltr' id='par_1_8' title="bbox 175 3322 1085 3365">
     <span class='ocr_line' id='line_1_53' title="bbox 175 3322 1085 3365; baseline 0 -11"><span class='ocrx_word' id='word_1_649' title='bbox 175 3331 251 3355; x_wconf 81' lang='lat' dir='ltr'><strong>cem</strong></span> <span class='ocrx_word' id='word_1_650' title='bbox 273 3322 389 3365; x_wconf 80' lang='lat' dir='ltr'><strong>alium,</strong></span> <span class='ocrx_word' id='word_1_651' title='bbox 413 3323 504 3356; x_wconf 86' lang='lat' dir='ltr'><strong>sicut</strong></span> <span class='ocrx_word' id='word_1_652' title='bbox 525 3327 715 3365; x_wconf 82' lang='lat' dir='ltr'><strong>exponetur</strong></span> <span class='ocrx_word' id='word_1_653' title='bbox 738 3323 775 3355; x_wconf 88' lang='lat' dir='ltr'><strong>in</strong></span> <span class='ocrx_word' id='word_1_654' title='bbox 798 3322 910 3365; x_wconf 85' lang='lat' dir='ltr'><strong>capite</strong></span> <span class='ocrx_word' id='word_1_655' title='bbox 933 3322 1085 3365; x_wconf 81' lang='lat' dir='ltr'><strong>septimo.</strong></span> 
     </span>
    </p>
   </div>
  </div>
 </body>
</html>
