2485 3615
1155 131 1199 135 —
1249 109 1397 144 CLVIII
1447 129 1489 133 —

357 220 515 255 maxime
541 219 578 254 111
598 217 872 259 Haloandrinis,
898 216 961 250 sed
982 226 1064 249 vere
1084 215 1230 258 praeter
1247 212 1494 247 Veronensem
1520 210 1633 246 etiam
1660 210 1696 245 in
1722 210 1876 255 reliquis
1901 209 2082 246 omnibus.
2102 231 2144 235 -—
2162 210 2190 244 Ε
2209 222 2290 245 con-

358 277 472 313 trario
509 290 579 312 non
613 276 732 310 minus
769 276 916 310 constat
951 270 1242 315 subscriptiones
1276 271 1313 304 et
1345 267 1459 303 etiam
1495 267 1615 313 magis
1648 266 1911 312 inscriptiones
1943 266 2191 303 Theodosiani
2226 280 2291 312 per

359 338 479 370 totum
518 347 650 379 corpus
688 336 726 368 et
760 331 922 368 0011110111
956 328 1115 364 maxime
1149 327 1186 361 in
1217 324 1451 362 Constantini
1484 324 1646 370 legibus,
1684 324 1914 370 gravissimis
1952 327 1990 361 et
2021 325 2292 361 molestissimis

358 392 487 428 naevis
519 392 637 436 iisque
669 393 735 426 ant
762 402 843 425 cum
877 388 960 432 ipsa
992 384 1259 431 compilatione
1284 383 1385 419 natis
1411 385 1478 418 aut
1503 383 1617 418 etiam
1643 381 1919 427 antiquioribus
1944 382 2084 428 passim
2110 383 2291 418 laborare.

359 452 493 486 Eorum
519 461 719 485 naevorum
745 449 786 481 ut
811 446 920 480 multi
946 444 1052 479 nobis
1079 442 1352 488 insuperabiles
1379 443 1474 483 sunt,
1506 441 1561 476 ita
1585 453 1657 476 non
1684 441 1814 486 paucis
1839 441 1984 477 medela
2010 442 2134 486 potest
2160 440 2293 483 afferri,

359 508 523 554 dignitas
549 519 643 552 quac
676 505 799 541 deficit
830 502 987 548 expleri,
1022 500 1234 546 corruptela
1266 499 1304 534 in
1331 499 1436 534 annis
1468 498 1632 543 locisque
1659 497 1854 533 commissa
1885 501 1952 534 aut
1985 498 2069 534 tolli
2100 501 2167 534 aut
2192 501 2292 534 certe

360 564 616 606 demonstrari3
654 564 892 605 versaturque
925 559 953 594 si
981 571 1052 594 non
1079 558 1231 593 editoris
1257 556 1436 598 officium,
1469 559 1568 591 certe
1593 554 1769 590 editionis
1801 555 1948 590 utilitas
1974 556 2033 591 vel
2064 555 2225 591 maxime
2256 555 2294 591 in

361 637 414 665 eo,
440 626 482 658 ut
508 622 567 657 cui
593 622 664 656 hac
691 620 748 655 vel
775 619 843 654 illa
869 619 952 663 lege
978 617 1158 652 utendum
1183 617 1249 657 est,
1276 627 1320 650 ea
1346 614 1394 650 ad
1420 626 1501 649 eam
1526 613 1646 659 ipsam
1672 612 1836 659 reperiat
1861 612 1943 648 usui
1969 615 2104 658 parata
2128 625 2225 657 quae
2250 613 2295 648 de

360 681 500 716 talibus
526 678 647 714 afferri
673 677 828 722 possunt
853 675 971 710 totius
998 673 1161 720 corporis
1189 672 1357 708 examine
1384 672 1557 707 instituto
1584 673 1622 707 et
1649 670 1792 706 ratione
1819 669 1941 715 operis
1966 672 2174 716 perspecta.
2224 670 2296 706 Sed

360 739 406 773 ab
435 737 510 772 alia
542 739 647 781 parte
676 735 713 768 in
738 733 797 768 his
822 733 952 768 modus
978 732 1158 768 tenendus
1185 734 1241 766 est
1267 729 1627 776 providendumque,
1654 740 1699 763 ne
1724 727 1877 763 editoris
1903 727 2097 763 adnotatio
2123 730 2296 764 excurrat

360 796 396 830 in
422 807 542 830 rerum
567 795 757 838 gestarum
784 789 1082 835 disquisitionem
1109 789 1156 824 ab
1182 789 1263 834 ipso
1290 799 1441 833 corpore
1467 786 1630 822 alienam
1664 788 1702 821 et
1734 785 1771 820 in
1796 785 1922 831 legum
1947 785 2176 821 diversarum
2200 786 2298 822 inter

360 865 396 887 se
431 849 747 896 comparationem
783 848 1029 883 necessariam
1067 846 1233 888 omnino,
1273 846 1336 881 sed
1373 844 1474 880 iusta
1513 842 1757 879 adnotatione
1793 854 1866 877 non
1903 843 2298 887 comprehendendam.

360 907 578 945 Gothofredi
604 918 717 952 opera
742 907 783 940 ut
808 904 1010 940 utilissima
1037 907 1074 939 et
1103 903 1175 939 fuit
1207 905 1244 938 et
1276 902 1363 944 erit,
1396 901 1478 947 ipsa
1512 900 1655 947 egregii
1682 898 1752 934 viri
1779 898 1940 945 vestigia
1965 900 2159 944 praeclara
2183 900 2298 936 edito-

360 981 436 1003 rem
462 966 702 1002 deterrebunt
726 962 933 1004 monentia,
959 974 1004 997 ne
1031 974 1096 1007 pro
1124 960 1288 997 editione
1315 958 1573 995 commentarii
1599 956 1887 993 substituantur.
1927 956 2016 1003 Ego
2041 955 2080 991 in
2105 957 2298 993 laterculis

360 1025 423 1070 qui
449 1026 654 1069 sequuntur
679 1021 799 1058 tribus
825 1021 912 1057 huic
939 1020 1060 1056 officio
1086 1019 1302 1055 satisfacere
1329 1020 1483 1054 conatus
1509 1029 1602 1063 quas
1627 1017 1728 1062 leges
1754 1018 1903 1051 secutus
1928 1014 2008 1058 sim,
2034 1014 2110 1051 iam
2136 1015 2300 1053 breviter

361 1094 554 1128 exponant

399 1177 425 1210 1.
452 1173 613 1220 Augusti
646 1173 754 1208 simul
787 1172 1014 1217 imperantes
1046 1169 1247 1206 secundum
1279 1180 1385 1204 usum
1418 1166 1629 1213 legitimum
1665 1178 1789 1203 omnes
1822 1166 1931 1201 simul
1967 1166 2302 1203 constitutionibus

454 1232 623 1268 omnibus
641 1230 955 1277 praescribuntur,
982 1227 1097 1264 etiam
1123 1227 1179 1269 iis,
1206 1226 1245 1261 in
1263 1225 1399 1271 quibus
1424 1225 1456 1260 is
1482 1237 1617 1267 eorum,
1644 1236 1666 1259 a
1690 1235 1762 1269 quo
1785 1235 1869 1259 vere
1895 1223 2031 1260 emissa
2056 1226 2122 1267 est,
2148 1224 2204 1260 sui
2229 1225 2302 1261 col-

454 1291 635 1336 legaeque
661 1288 888 1324 mentionem
913 1285 1016 1327 facit,
1043 1285 1082 1320 id
1107 1285 1206 1330 quod
1231 1284 1273 1320 fit
1300 1283 1339 1318 in
1363 1282 1522 1318 novellis
1548 1281 1691 1317 duabus
1709 1280 1910 1317 Theodosii
1934 1282 1968 1316 ΙΙ
1994 1281 2117 1327 prima
2143 1283 2186 1326 (c.
2203 1284 2238 1326 5)
2264 1285 2303 1319 et

453 1346 712 1384 Valentiniani
730 1347 783 1381 III
807 1344 989 1390 vigesima
1009 1343 1142 1388 quinta
1168 1343 1227 1385 (cf.
1245 1342 1404 1377 Hermae
1430 1341 1501 1376 vol.
1518 1341 1559 1375 17
1586 1352 1622 1385 p.
1641 1339 1722 1383 539)
1750 1339 1809 1375 vel
1835 1340 1928 1375 adeo
1952 1338 1991 1374 in
2016 1339 2062 1374 iis
2088 1350 2181 1383 quas
2206 1339 2303 1375 alter

454 1407 645 1452 Augustus
677 1404 724 1439 ad
756 1403 916 1439 alterum
946 1400 1086 1443 mittit,
1117 1400 1155 1435 id
1186 1399 1286 1444 quod
1317 1399 1359 1434 fit
1391 1397 1429 1432 in
1460 1397 1609 1433 novella
1635 1396 1836 1433 Theodosii
1862 1397 1897 1431 ΙΙ
1928 1396 2049 1442 prima
2080 1396 2193 1431 missa
2218 1409 2302 1432 cum

454 1463 601 1509 legibus
632 1462 678 1497 ab
712 1473 754 1497 eo
785 1459 875 1495 latis
901 1459 948 1494 ad
973 1458 1168 1504 collegam.
1218 1456 1423 1501 Propterea
1454 1455 1559 1489 nulla
1588 1453 1774 1499 reperitur
1806 1453 2026 1490 constitutio
2058 1454 2106 1489 ab
2132 1453 2301 1500 Augusto

455 1534 526 1557 uno
552 1533 595 1556 ex
614 1518 784 1565 pluribus
809 1516 964 1562 scripta;
991 1528 1077 1551 nam
1095 1514 1343 1560 epistularum
1362 1514 1516 1548 duarum
1535 1511 1688 1547 Honorii
1715 1512 1762 1546 ad
1780 1511 2031 1547 Theodosium
2056 1513 2095 1547 et
2119 1511 2229 1546 huius
2254 1511 2302 1546 ad

454 1580 561 1614 illum
587 1579 631 1614 de
656 1575 845 1622 episcopis
870 1573 1013 1619 Illyrici
1039 1573 1196 1618 (Haenel
1223 1584 1322 1617 corp.
1341 1572 1413 1616 leg.
1439 1583 1475 1616 p.
1494 1571 1577 1614 240)
1603 1569 1865 1615 inscriptiones
1896 1570 2006 1616 plene
2037 1569 2199 1605 traditas
2224 1581 2302 1605 esse

454 1647 688 1681 nequaquam
722 1634 879 1668 constat.
911 1653 954 1658 -—
985 1632 1183 1667 Caesarum
1210 1629 1273 1674 qui
1299 1641 1367 1675 per
1391 1629 1484 1664 haec
1510 1630 1681 1673 tempora
1706 1628 1856 1663 fuerunt
1880 1626 2032 1663 nomina
2062 1627 2101 1662 in
2126 1626 2303 1662 constitu-

454 1694 620 1731 tionibus
652 1691 773 1738 plenis
805 1702 949 1735 semper
975 1689 1166 1735 adscripta
1192 1699 1268 1724 esse
1297 1686 1496 1722 verisimile
1524 1687 1580 1721 est
1605 1685 1664 1729 (cf.
1693 1685 1850 1721 Hermae
1879 1684 1949 1720 vol.
1970 1685 2011 1719 17
2037 1697 2073 1730 p.
2091 1685 2184 1728 542).
2233 1685 2305 1721 Sed

455 1754 548 1788 haec
574 1750 786 1794 similiaque
813 1750 883 1784 hoc
908 1749 990 1783 loco
1016 1759 1087 1783 non
1114 1745 1385 1792 persequimur,
1420 1757 1502 1779 00111
1534 1743 1755 1789 praesertim
1787 1742 2050 1788 inscriptiones
2075 1742 2114 1778 in
2139 1743 2305 1779 Theodo-

456 1810 559 1845 siano
586 1808 750 1845 traditae
777 1807 832 1842 ita
857 1806 1050 1843 breviatae
1077 1804 1152 1839 sint
1177 1806 1215 1839 et
1240 1802 1510 1848 interpolatae,
1536 1803 1579 1836 ut
1603 1801 1641 1836 in
1667 1801 1848 1837 eiusmodi
1873 1799 2196 1845 disquisitionibus
2222 1812 2305 1836 auc-

455 1867 647 1903 toritatem
672 1866 815 1901 nullam
840 1864 1017 1900 habeant.
1051 1883 1094 1887 —
1127 1863 1397 1906 Imperatorum
1424 1859 1488 1905 qui
1514 1859 1664 1895 fuerunt
1695 1859 1742 1894 ab
1776 1870 1808 1894 a.
1827 1858 1895 1894 312
1927 1858 1974 1893 ad
2005 1869 2038 1893 a.
2055 1858 2124 1893 438
2157 1858 2307 1894 nomina

456 1927 623 1962 recenset
648 1923 851 1960 laterculus
878 1922 1019 1967 primus
1045 1919 1203 1956 adiectis
1237 1918 1372 1964 spatiis
1406 1919 1483 1952 tam
1519 1917 1615 1953 veris
1648 1928 1761 1961 quam
1792 1916 1838 1951 iis
1872 1928 1968 1961 quae
2000 1916 2238 1962 reperiuntur
2268 1916 2307 1951 in

459 1982 718 2019 Theodosiano
745 1983 878 2016 exacta
904 1980 952 2014 ad
978 1979 1202 2014 laterculum
1227 1977 1442 2013 mendosum
1469 1978 1507 2011 et
1530 1974 1797 2020 subscriptioni
1823 1986 1935 2019 saepe
1961 1974 2157 2019 contraria.
2199 1974 2307 2010 Prae-

458 2044 560 2078 terea
591 2038 816 2086 singillatim
849 2037 1055 2082 interposui
1088 2036 1126 2070 in
1157 2035 1340 2071 laterculo
1374 2033 1487 2070 tertio
1518 2033 1685 2069 recensui
1719 2031 2026 2068 constitutionum
2059 2032 2106 2067 ad
2136 2033 2308 2078 tempora

462 2100 607 2146 digesto
633 2097 785 2133 nomina
810 2096 1087 2141 imperatorum,
1115 2094 1244 2139 qualia
1270 2093 1307 2127 111
1333 2092 1591 2127 Theodosiano
1615 2091 1862 2136 reperiuntur.

389 2182 433 2217 ll.
459 2179 677 2216 Later-culus
702 2178 799 2213 alter
825 2176 1109 2221 comprehendit
1134 2187 1324 2211 recensum
1352 2177 1429 2210 tam
1457 2185 1651 2219 corporum
1678 2184 1789 2217 quam
1815 2170 2018 2209 hominum.
2044 2170 2091 2206 ad
2111 2182 2202 2216 quos
2227 2183 2308 2206 con-

462 2236 677 2273 stitutiones
701 2236 811 2270 datae
831 2237 917 2269 sunt
936 2233 1075 2269 additis
1093 2232 1200 2268 annis
1218 2232 1433 2277 diebusque.
1475 2231 1652 2266 Homines
1670 2228 1834 2265 ordinati
1860 2231 1946 2265 sunt
1971 2228 2172 2264 secundum
2190 2228 2308 2275 digni-

461 2299 558 2331 tates
598 2295 646 2329 ad
681 2295 837 2328 formam
871 2304 951 2327 eam
986 2291 1080 2332 fere,
1119 2302 1231 2335 quam
1264 2289 1442 2335 proponit
1472 2288 1622 2324 Notitia
1653 2286 1894 2333 Dignitatum
1927 2285 2122 2331 utriusque
2157 2285 2308 2332 imperii

461 2353 598 2389 aetatis
634 2351 882 2386 Honorianae.
940 2349 1127 2390 Quantum
1162 2347 1242 2383 fieri
1277 2348 1402 2393 potuit
1437 2347 1712 2392 coniunguntur
1743 2344 2028 2380 constitutiones
2063 2343 2228 2380 directae
2262 2343 2310 2382 ad

464 2410 727 2456 magistratum
751 2409 908 2444 eundem
932 2409 1226 2452 separanturque
1245 2417 1423 2451 personae
1445 2405 1629 2445 diversae3
1655 2403 1719 2439 sed
1744 2402 1782 2438 in
1809 2414 1853 2438 ea
1877 2414 1916 2438 re
1942 2414 2025 2437 cum
2050 2401 2172 2438 multa
2188 2413 2310 2437 neces-

462 2468 560 2504 sario
585 2468 763 2513 ambigua
788 2469 1015 2508 remaneant,
1043 2465 1157 2501 etiam
1183 2465 1292 2510 plura
1318 2464 1395 2499 sine
1417 2462 1670 2509 disputatione
1697 2462 1744 2497 ab
1772 2459 1953 2495 eiusmodi
1976 2459 2160 2495 laterculo
2185 2458 2311 2495 aliena

463 2525 629 2572 expediri
660 2528 863 2569 nequeant,
896 2524 1112 2560 retinebunt
1138 2522 1202 2568 qui
1227 2534 1311 2557 eum
1337 2521 1572 2557 adhibebunt
1597 2519 1820 2555 laterculum
1846 2517 1966 2564 magis
1998 2517 2046 2552 ad
2071 2516 2310 2553 commodita-

465 2587 540 2620 tem
571 2582 759 2619 utentium
786 2581 934 2617 institui
960 2580 1130 2616 debuisse
1156 2591 1269 2624 quam
1300 2579 1347 2614 ad
1372 2590 1493 2614 rerum
1520 2577 1728 2613 veritatem.
1780 2575 1907 2611 Sicubi
1933 2574 2114 2620 personis,
2146 2574 2194 2610 ad
2218 2585 2311 2618 quas

462 2642 564 2687 leges
598 2641 708 2676 datae
741 2642 843 2681 sunt,
876 2639 1120 2684 magistratus
1152 2650 1225 2673 non
1258 2636 1438 2679 adicitur,
1471 2636 1508 2670 id
1542 2635 1639 2680 quod
1670 2635 1707 2669 in
1734 2632 2053 2670 Constantinianis
2083 2631 2310 2678 saepissime,

464 2701 658 2744 praeterea
691 2710 773 2733 raro
808 2697 947 2738 evenit,
981 2699 1023 2732 ut
1054 2697 1101 2731 ad
1134 2696 1235 2741 ipsas
1267 2696 1369 2740 leges
1402 2694 1440 2728 in
1474 2692 1717 2728 adnotatione
1753 2692 1896 2727 factum
1927 2693 1999 2735 est,
2030 2689 2087 2726 ita
2117 2688 2232 2726 etiam
2264 2689 2312 2724 ad

464 2757 688 2792 laterculum
714 2768 797 2790 cum
823 2755 892 2797 ibi,
925 2754 990 2789 ubi
1021 2766 1064 2789 ex
1090 2754 1175 2789 aliis
1206 2752 1352 2798 legibus
1379 2751 1578 2788 videbatur
1603 2749 1850 2796 probabiliter
1882 2759 1988 2794 posse
2014 2747 2197 2793 suppleri,
2231 2748 2311 2782 tum

465 2814 530 2849 ubi
556 2813 705 2849 aliunde
733 2814 776 2847 de
802 2825 846 2848 ea
873 2812 984 2848 certis
1009 2811 1234 2847 testimoniis
1267 2811 1482 2851 constabat,
1517 2808 1684 2854 dignitas
1715 2807 1865 2843 adiecta
1897 2808 1971 2847 est;
2005 2807 2138 2842 neutra
2167 2803 2311 2840 ratione

466 2872 524 2907 vel
551 2873 649 2907 certe
676 2883 748 2905 non
773 2870 851 2906 sine
871 2869 1146 2905 commentariis
1165 2868 1410 2914 amplioribus
1428 2866 1492 2902 ubi
1511 2866 1678 2902 defectus
1701 2864 1867 2910 suppleri
1886 2865 2044 2909 poterat,
2068 2862 2106 2898 in
2124 2863 2311 2908 apparatu

468 2929 647 2965 adnotavi
671 2928 934 2974 magistratum
967 2940 1044 2964 esse
1077 2928 1276 2969 incertum,
1307 2926 1499 2961 abstinens
1526 2924 1674 2960 omnino
1701 2935 1722 2958 a
1748 2921 1970 2958 coniecturis
1995 2919 2120 2956 ductis
2144 2931 2188 2955 ex
2211 2930 2311 2955 mero

467 2988 592 3033 legum
624 2989 853 3032 argumento.
908 2985 1153 3031 Magistratus
1186 2985 1257 3019 hac
1288 2984 1432 3019 ratione
1465 2982 1632 3028 suppleti
1666 2981 1703 3015 in
1736 2980 1960 3016 laterculum
1994 2978 2225 3025 dignitatum
2257 2975 2313 3012 ita

467 3044 609 3090 recepti
641 3046 742 3086 sunt,
775 3047 818 3079 ut
852 3044 1008 3087 nomam)
1040 3043 1158 3078 solum
1193 3042 1429 3078 enuntiatum
1462 3053 1539 3076 esse
1574 3040 1826 3075 adnotaretur.
1882 3038 2082 3073 Praeterea
2115 3035 2155 3070 in
2186 3046 2230 3071 eo
2265 3033 2313 3068 ad

467 3104 575 3138 finem
609 3101 776 3137 adiectus
808 3103 864 3136 est
900 3100 1008 3135 index
1035 3112 1160 3135 eorum
1185 3099 1392 3141 hominum,
1427 3098 1490 3142 qui
1523 3097 1561 3132 in
1587 3095 1894 3141 inscriptionibus
1923 3095 2050 3141 legum
2075 3092 2313 3129 nominantur

468 3159 654 3206 dignitate
680 3172 751 3195 non
776 3158 976 3204 adscripta.
1003 3178 1046 3182 —
1072 3157 1317 3203 Magistratus
1344 3159 1381 3192 et
1408 3168 1525 3191 annus
1551 3155 1614 3190 ubi
1649 3154 1864 3198 discrepant
1895 3154 1933 3187 et
1964 3150 2193 3196 suppetebat
2223 3146 2312 3184 anni

469 3216 680 3252 emendatio
706 3215 931 3261 probabilis,
963 3215 1056 3250 haec
1089 3215 1239 3250 adiecta
1265 3216 1321 3249 est
1354 3214 1454 3249 intra
1480 3224 1593 3248 uncos
1619 3211 1837 3256 quadratos;
1872 3208 1937 3244 ubi
1970 3220 2042 3244 non
2072 3206 2310 3252 suppetebat,

470 3274 607 3318 passim
634 3274 720 3309 huic
747 3273 966 3309 asteriscum
991 3272 1228 3318 praescripsi,
1257 3283 1330 3307 non
1356 3282 1499 3316 semper
1525 3272 1669 3309 tamem
1696 3268 1856 3303 maxime
1882 3266 2039 3302 confinia
2064 3265 2312 3310 praefectura-

470 3343 549 3366 rum
575 3331 639 3366 ubi
665 3331 842 3376 ambigua
867 3332 952 3365 sunt
977 3341 1095 3375 neque
1120 3331 1279 3374 apparet
1305 3331 1387 3365 utro
1414 3329 1495 3364 loco
1522 3329 1684 3362 erratum
1708 3325 1768 3367 sit,
1795 3323 1963 3362 asterisci
1982 3320 2171 3369 appositio
2189 3331 2311 3366 super-
