2501 3615
941 151 982 156 —
1032 130 1161 166 CLVII
1210 152 1254 157 —

412 237 490 270 tore
516 234 666 268 missum
693 234 739 268 ’.1ιί
767 233 945 269 vicarium
972 234 1072 269 urbis
1099 234 1236 269 Romae
1268 235 1315 270 ab
1345 235 1413 270 hoc
1447 235 1514 270 sub
1540 235 1656 280 ipsius
1682 241 1956 282 programmate
1983 253 2062 285 pro-

410 291 572 337 positum
599 304 687 326 esse.

160 352 315 392 11,12.4
358 350 522 395 praelata
548 349 672 383 litteris
701 360 726 383 r.
747 349 807 382 inl.
826 360 909 383 com.
927 359 952 382 s.
972 349 992 383 I.
1021 348 1113 390 (dics
1138 352 1173 384 et
1201 352 1332 392 annus)
1358 350 1426 385 sub
1449 350 1613 395 epistula
1638 351 1685 385 ad
1711 353 1882 387 eundem:
1910 355 2060 401 rescrip-

410 411 487 442 tum
515 407 661 442 videtur
687 406 916 452 propositum
942 420 1019 442 csse
1049 406 1249 443 subiuncta·
1280 408 1313 442 ei
1340 407 1520 453 epistula,
1556 409 1602 444 ad
1634 421 1746 453 quam
1777 409 1978 455 imperator
2010 426 2061 448 re-

407 464 568 510 spondit.

156 525 261 560 Sirm.
283 525 339 558 12:
366 523 438 558 dat.
466 522 572 565 (dies)
600 523 753 564 anac;
780 522 963 565 prolmsita
993 521 1215 565 Kartlmyine
1246 523 1285 555 in-
1314 524 1392 564 foro
1416 523 1479 557 snb
1506 530 1764 568 prosprammalc
1790 526 1951 572 Porfyrii
1976 539 2060 571 pro-

407 580 563 616 consulis
588 580 680 622 <dies
705 583 743 616 ct
767 580 899 622 annus)
925 579 992 613 sub
1018 578 1182 624 epistula
1207 579 1296 615 data
1322 581 1368 615 ad
1396 582 1623 626 praefectum
1650 583 1848 627 praetorio.

154 640 247 675 Nov.
267 639 349 674 val.
368 639 420 673 111
446 639 551 676 221:
585 637 670 672 data
696 637 801 681 (dies)
827 637 980 679 Romam
1010 647 1078 671 ace.
1104 636 1210 680 (dics)
1240 637 1373 672 Romae
1404 640 1562 683 (annus):
1592 642 1778 684 proposita
1808 642 1848 675 inv
1877 643 1959 684 foro
1990 643 2061 677 (liz-2·

413 696 563 731 Traiani
581 695 688 738 (dies)
709 695 869 730 antelata
886 694 1000 729 edicto
1018 694 1141 728 Albini
1166 696 1196 729 ·ἷ·.
1215 699 1243 729 c.
1263 695 1391 730 ¹iterum
1404 700 1480 741 Ῐνὶῖὀ
1495 701 1527 731 ct
1542 698 1688 741 patricii
1705 699 1772 734 sub
1791 700 2060 737 constitutione

405 753 517 789 missa
543 754 590 788 ad
616 753 782 788 eundem.
820 751 999 787 Similiter
1023 752 1077 793 20,
1096 753 1123 786 1.
1150 753 1204 792 24,
1223 753 1250 787 1.

153 812 248 848 Nov.
272 812 351 847 val.
377 812 429 846 111
455 812 561 850 ¹26,1:
598 811 671 846 dat.
699 810 806 854 (dies)
834 810 1027 844 Ravennae
1059 811 1224 852 (annus);
1257 821 1317 854 pp.
1352 811 1393 844 in
1426 812 1506 853 foro
1537 813 1688 846 Traiani
1714 813 1820 857 (dics)
1852 815 1917 849 sub
1949 816 2060 851 edicto

403 869 564 904 Firmim
590 880 617 903 v.
637 869 698 903 inl.
725 871 793 912 We
818 867 886 902 sub
913 866 1180 903 constitutione
1207 868 1298 903 data
1322 868 1369 903 ad
1395 869 1561 904 eundem.

130 936 430 983 Subscriptiones
455 939 525 973 hae
551 937 622 973 etsi
647 950 690 973 ex
717 938 824 982 part-e
850 935 986 971 dubiae
1012 938 1049 971 et
1075 936 1239 972 incertae
1266 937 1505 982 aliquatenus
1531 939 1738 980 declarant,
1765 942 1947 984 quomodo
1982 942 2058 977 fieri

127 994 311 1039 potuerit,
343 998 386 1031 ut
417 996 599 1041 rescripta
625 995 763 1030 Romae
798 996 1092 1040 proponerentur
1125 994 1214 1029 data
1245 994 1291 1029 ad
1323 995 1567 1041 magistratus
1598 997 1862 1042 provinciales,
1896 1001 2057 1045 exempli

127 1061 239 1086 causa
264 1052 311 1087 ad
337 1052 560 1089 rationalem
587 1052 734 1088 Africae
760 1052 932 1097 (10,1,2).

240 1121 464 1158 Scriniorum
489 1121 832 1167 tabulariorumque
858 1122 1082 1158 mentionem
1108 1122 1399 1168 subscriptiones
1425 1136 1496 1158 non
1522 1124 1681 1167 faciunt,
1715 1126 1787 1160 nisi
1813 1127 1910 1171 qnod
1935 1128 1982 1162 ad
2009 1140 2053 1163 ea

126 1179 312 1225 pertinere
346 1179 492 1216 videtur
527 1179 637 1215 unica
671 1179 897 1225 subscriptio
930 1183 1065 1225 reyesta
1097 1180 1164 1224 (11,
1183 1181 1240 1223 28,
1260 1181 1317 1221 14;
1357 1182 1401 1216 cf.
1434 1193 1515 1216 nov.
1541 1182 1679 1218 Theod.
1704 1184 1738 1218 II
1767 1184 1892 1225 1‚1‚6:
1930 1189 2059 1228 reyesta

124 1236 343 1272 diversorum
367 1237 598 1282 officiwwn),
624 1237 722 1282 quod
747 1237 845 1273 redit
869 1237 906 1271 in
934 1236 1202 1273 constitutione
1222 1237 1376 1273 Honorii
1402 1250 1434 1274 a.
1452 1239 1519 1273 417
1537 1242 1686 1275 servata
1711 1240 1749 1275 in
1776 1253 1927 1286 corpore
1953 1254 2058 1277 cano-

125 1307 212 1330 num
244 1294 452 1331 Pithoeano
488 1295 581 1339 (cod.
608 1294 722 1330 Paris.
751 1295 855 1336 1564,
892 1294 1063 1331 Maassen
1091 1295 1237 1339 Quellen
1270 1308 1304 1341 p.
1328 1296 1423 1340 604):
1459 1300 1628 1340 maestum
1662 1298 1859 1333 Ravennae
1892 1298 1986 1341 (dies
2021 1302 2058 1334 ct

125 1353 267 1396 annus).
322 1351 616 1388 Constitutiones
647 1354 772 1388 tamen
810 1352 857 1387 ad
893 1351 1138 1397 magistratus
1170 1352 1295 1398 plures
1331 1353 1439 1388 datas
1478 1353 1596 1388 eodem
1630 1356 1803 1400 exemplo,
1843 1357 1942 1400 quod
1977 1369 2058 1391 raro

123 1409 308 1455 reperitur
332 1410 554 1446 adnotatum
579 1410 617 1445 in
635 1409 892 1446 Theodosiano
917 1410 961 1453 (1,
978 1410 1010 1451 8,
1027 1411 1043 1444 1
1074 1429 1114 1435 —
1140 1410 1170 1451 6,
1186 1410 1240 1451 28,
1255 1410 1276 1445 8
1301 1431 1346 1435 -
1372 1411 1404 1452 8,
1417 1412 1449 1452 4,
1463 1412 1510 1446 30
1535 1433 1579 1437 -
1604 1413 1635 1455 8,
1652 1414 1682 1455 7,
1699 1414 1738 1448 11
1767 1434 1811 1438 —
1839 1414 1890 1455 11,
1905 1415 1959 1457 28,
1975 1415 1994 1449 9
2014 1435 2057 1440 —

126 1468 335 1512 12,1,187),
364 1467 595 1513 frequentius
620 1467 659 1502 in
684 1467 842 1503 novellis
867 1466 1067 1503 Theodosii
1094 1468 1143 1510 ΙΙ,
1170 1468 1370 1510 Marciani,
1397 1469 1610 1511 Iustiniani,
1643 1470 1807 1506 dubitari
1834 1483 1905 1506 non
1932 1474 2057 1517 potest

122 1525 307 1572 proficisci
332 1537 377 1562 ex
400 1525 494 1572 ipsis
519 1525 664 1561 scriniis
688 1525 819 1566 sacris;
852 1526 952 1570 quod
984 1528 1111 1561 tamen
1141 1538 1213 1561 non
1238 1527 1461 1562 trahendum
1487 1529 1543 1562 est
1574 1528 1621 1562 ad
1647 1540 1708 1564 eas
1740 1529 1859 1575 leges,
1893 1541 1987 1574 quae
2020 1530 2055 1564 in

122 1583 206 1628 ipsa
230 1583 474 1630 inscriptione
500 1584 624 1629 plures
649 1583 893 1630 magistratus
917 1582 1110 1619 nominant
1128 1584 1173 1627 (6,
1188 1584 1242 1626 23,
1260 1585 1275 1619 1
1299 1605 1342 1609 -
1360 1584 1390 1625 6,
1405 1585 1458 1626 26,
1478 1585 1518 1620 17
1537 1605 1579 1609 -
1597 1586 1628 1627 6,
1644 1586 1698 1628 30,
1713 1586 1755 1621 21
1775 1606 1818 1611 —
1839 1587 1890 1628 11,
1908 1588 1959 1629 17,
1974 1588 1994 1622 :3
2015 1608 2056 1612 --

124 1641 176 1684 12,
195 1642 224 1684 1,
239 1642 280 1676 71
307 1661 351 1667 -
379 1642 431 1686 16,
446 1643 477 1684 5,
491 1642 536 1676 42
562 1661 604 1666 —
633 1642 685 1684 16,
703 1641 754 1683 10,
772 1642 811 1676 11
839 1661 883 1666 —-
911 1641 963 1682 16,
980 1641 1112 1685 10‚15).

238 1711 406 1756 Denique
430 1711 658 1748 descendant
683 1723 727 1746 ex
753 1710 898 1746 scriniis
923 1722 1071 1746 necesse
1097 1712 1154 1746 est
1179 1722 1300 1756 pauca
1318 1723 1412 1756 quae
1437 1711 1674 1757 reperiuntur
1691 1716 1858 1749 actorum
1881 1726 2056 1759 apospas-

121 1768 239 1804 matia
263 1768 412 1816 digesta
436 1781 502 1814 per
526 1769 838 1815 interrogationes
863 1771 901 1805 et
926 1768 1196 1814 responsiones,
1230 1768 1465 1804 Constantini
1492 1769 1579 1811 duo,
1618 1771 1777 1806 alterum
1802 1771 1934 1813 8,15,1
1964 1771 2055 1806 iudi-

121 1825 227 1868 ciale,
252 1825 318 1862 ubi
342 1825 547 1872 imperator
564 1825 731 1871 loquitur
748 1825 890 1868 Latine,
917 1826 1056 1862 Graece
1074 1825 1208 1862 mulier
1226 1826 1409 1871 quaedam
1435 1826 1473 1861 in
1499 1826 1678 1862 iudicium
1696 1828 1869 1871 adduct-a,
1896 1829 2054 1864 alterum

121 1884 152 1925 7,
167 1883 222 1925 20,
237 1883 258 1917 2
284 1886 486 1925 castrense,
519 1883 585 1919 ubi
609 1883 814 1929 imperator
836 1883 1050 1929 ‘principia'
1070 1883 1189 1919 intrat
1214 1886 1252 1919 et
1277 1884 1508 1919 acclamatus
1533 1896 1555 1919 a
1580 1885 1767 1920 militibus
1793 1898 1876 1921 cum
1902 1885 1947 1920 iis
1973 1898 2054 1921 con-

120 1940 300 1985 loquitur;
318 1953 432 1977 unum
449 1941 587 1977 Iuliani
607 1943 658 1983 11,
673 1941 727 1984 39,
743 1943 780 1983 5;
807 1954 921 1977 unum
940 1942 968 1983 1,
982 1941 1036 1983 22,
1050 1942 1072 1976 4
1091 1941 1279 1983 Gratiani;
1299 1942 1370 1977 duo
1388 1943 1432 1985 (4,
1446 1943 1500 1983 20,
1515 1943 1536 1977 3
1561 1963 1595 1967 —
1619 1944 1670 1983 11,
1686 1944 1740 1987 39,
1756 1944 1791 1988 8)
1809 1944 2007 1979 Theodosii
2028 1945 2053 1985 Ι,

120 2010 215 2043 quae
241 1998 364 2034 omnia
388 1999 613 2035 sententiam
637 2000 800 2034 referunt
826 1999 873 2034 ab
891 1998 1117 2044 imperatore
1142 1998 1180 2033 in
1198 1998 1415 2034 consistorio
1434 2000 1631 2044 prolatam.
1673 2001 1880 2036 Secundum
1898 2003 2053 2036 formam

120 2055 379 2100 antiquiorem,
404 2068 499 2102 quae
523 2056 703 2093 remansit
723 2058 774 2100 11,
790 2057 844 2098 39,
859 2058 879 2091 5
902 2056 1049 2101 fuitque
1075 2056 1153 2093 sine
1181 2057 1293 2092 dubio
1319 2057 1434 2092 etiam
1453 2058 1484 2099 8,
1503 2059 1554 2099 15,
1571 2059 1599 2099 1,
1627 2057 1665 2092 in
1692 2058 1749 2093 his
1775 2058 1853 2093 dies
1878 2059 2052 2103 locusque

119 2113 362 2150 enuntiantur
385 2113 423 2149 in
448 2113 615 2158 exordio;
642 2116 805 2150 extremo
831 2114 912 2149 loco
938 2113 1178 2150 inveniuntur
1203 2115 1271 2149 sub
1297 2115 1530 2160 praescripto
1556 2119 1672 2150 cwtzcm
1693 2117 1720 2158 1,
1736 2117 1790 2158 22,
1804 2117 1835 2158 4,
1862 2117 1929 2152 sub
1953 2129 2053 2162 prae-

119 2171 260 2217 scripto
285 2172 384 2217 quod
408 2172 481 2208 huc
506 2184 577 2208 non
603 2172 764 2217 quadrat
789 2172 916 2207 datum
939 2173 972 2215 4,
985 2173 1040 2214 20,
1055 2173 1076 2207 3
1102 2193 1145 2197 —-
1171 2173 1201 2215 7,
1216 2173 1270 2215 20,
1285 2174 1315 2207 2.

235 2322 551 2359 Constitutionum
569 2323 737 2370 syllogae
756 2323 785 2358 T
790 2323 1036 2359 heodosianae
1061 2322 1268 2368 adsumptis
1289 2322 1403 2358 etiam
1430 2322 1475 2357 iis
1501 2323 1538 2357 in
1565 2322 1767 2359 editionem
1792 2326 1955 2359 nostram
1980 2337 2052 2359 non

117 2380 294 2426 receptis,
325 2392 419 2426 quas
448 2392 521 2416 non
546 2381 727 2416 habemus
758 2381 829 2416 nisi
860 2381 898 2415 in
924 2392 1076 2426 corpore
1102 2380 1324 2422 Iustiniano,
1357 2380 1527 2416 admissis
1561 2381 1652 2416 item
1682 2382 1761 2415 tam
1786 2381 2051 2417 Sirmondianis

118 2449 229 2483 quam
255 2437 341 2473 aliis
366 2437 589 2482 quibusdam
615 2450 637 2474 a
663 2439 920 2475 Theodosiano
946 2438 1097 2480 alienis,
1134 2439 1197 2474 sed
1222 2438 1280 2473 his
1307 2437 1496 2473 distinctis
1521 2450 1587 2483 per
1611 2450 1725 2474 uncos
1751 2439 1967 2482 quadratos,
2002 2440 2050 2473 in-

117 2494 338 2540 scriptiones
364 2497 403 2531 et
427 2495 719 2541 subscriptiones
743 2496 925 2540 quomodo
951 2498 1164 2540 tractarem,
1190 2496 1228 2530 id
1254 2498 1309 2531 est
1335 2498 1519 2540 quatenus
1545 2507 1657 2540 opera
1682 2495 1930 2541 impendenda
1955 2500 2050 2532 essct

117 2552 156 2586 in
179 2551 361 2598 personis
395 2552 443 2587 ad
467 2564 559 2597 quas
585 2553 696 2588 datae
721 2556 822 2595 sunt,
857 2553 1163 2595 determinandis,
1196 2553 1287 2588 item
1312 2552 1349 2587 in
1375 2552 1607 2598 temporibus
1633 2551 1815 2597 locisque,
1847 2565 1941 2597 quae
1968 2554 2049 2589 sub-

117 2609 260 2655 scripta
284 2612 386 2653 sunt,
417 2609 671 2646 examinandis
697 2612 735 2646 et
761 2610 999 2657 corrigendis,
1027 2610 1089 2645 diu
1115 2611 1347 2655 multumque
1374 2609 1555 2646 dubitavi.
1606 2609 1710 2650 Quod
1737 2610 1767 2644 si
1792 2610 1943 2645 editoris
1969 2623 2049 2656 pro-

118 2666 242 2702 vincia
266 2679 309 2703 eo
331 2667 555 2709 continetur,
581 2670 623 2703 ut
649 2669 896 2713 archetypum
921 2668 1009 2703 libri
1027 2671 1212 2713 quatenus
1236 2668 1314 2703 fieri
1340 2670 1465 2713 potest
1491 2670 1663 2703 accurate
1685 2670 1950 2712 repraesentet,
1978 2680 2048 2703 non

116 2735 252 2770 magno
284 2725 412 2761 labore
436 2737 493 2761 res
519 2726 645 2771 perfici
670 2725 813 2771 potuit3
844 2738 929 2761 nam
956 2738 1181 2771 quamquam
1205 2728 1284 2761 tam
1310 2725 1482 2761 librarios
1507 2737 1619 2770 quam
1646 2724 1911 2770 epitomatores
1937 2738 2048 2771 supra

117 2780 278 2816 vidimus
307 2781 348 2817 in
377 2782 684 2828 inscriptionibus
717 2786 755 2819 et
786 2783 1122 2829 subscriptionibus
1152 2795 1224 2819 non
1256 2783 1480 2819 abstinuisse
1513 2795 1535 2818 a
1566 2782 1785 2823 breviando,
1817 2782 1975 2818 maxime
2009 2783 2046 2817 in

117 2837 223 2872 annis
241 2838 465 2884 duplicibus,
491 2842 529 2876 et
554 2840 862 2886 interpolat-iones
879 2841 994 2877 etiam
1011 2841 1200 2887 graviores
1224 2842 1262 2876 in
1279 2840 1337 2875 his
1356 2852 1501 2885 quoque
1519 2839 1580 2874 hic
1598 2839 1677 2874 illic
1694 2839 1848 2884 reperiri
1863 2841 1912 2885 (p.
1928 2840 2045 2883 CXL),

117 2897 243 2931 tamen
264 2899 308 2932 ut
331 2896 370 2931 in
387 2896 558 2933 universo
577 2910 728 2943 corpore
753 2898 809 2934 ita
836 2899 893 2935 vel
918 2899 1076 2935 maxime
1094 2900 1132 2934 in
1150 2898 1455 2944 inscriptionibus
1477 2900 1515 2933 et
1539 2897 1875 2942 subscriptionibus
1893 2897 2046 2932 dubium

116 2964 188 2988 non
213 2956 271 2989 est
295 2953 437 2990 tradita
461 2955 508 2990 ab
535 2956 740 3001 archetypo
759 2956 1009 2991 Theodosiani
1034 2968 1106 2991 non
1130 2968 1355 3001 magnopere
1378 2955 1534 2990 differre.
1575 2954 1696 2990 Aliter
1720 2955 1829 3000 longe
1856 2954 1983 2990 evenit
2009 2954 2044 2988 in

117 3010 449 3047 constitutionibus
473 3023 539 3058 per
555 3013 674 3048 solum
692 3013 856 3049 codicem
876 3013 1122 3049 Iustinianum
1140 3013 1307 3049 servatis.
1350 3013 1434 3048 Non
1452 3013 1571 3048 solum
1589 3011 1741 3047 huiusce
1764 3012 1931 3056 syllogae
1951 3023 2044 3046 com-

117 3067 297 3112 pilatores
320 3068 478 3105 licenter
500 3082 578 3106 rem
603 3074 759 3117 egerunt
790 3073 827 3106 et
859 3070 949 3106 locis
980 3083 1023 3106 ex
1049 3071 1205 3106 arbitrio
1230 3069 1386 3105 mutatis
1413 3072 1468 3113 (ut
1497 3069 1557 3114 Cp.
1584 3072 1785 3114 posuerunt
1809 3070 1840 3109 9,
1860 3069 1914 3109 21,
1932 3069 1953 3102 2
1979 3080 2044 3113 pro

117 3124 245 3168 Roma,
273 3125 325 3167 16,
339 3126 371 3167 8,
387 3127 404 3160 1
432 3139 498 3172 pro
523 3127 689 3169 Murillo)
722 3130 760 3164 et
785 3128 922 3174 passim
954 3127 1022 3169 ibi,
1055 3128 1119 3163 ubi
1150 3127 1296 3174 legibus
1321 3127 1464 3162 duabus
1491 3126 1755 3162 contaminatis
1780 3125 1844 3160 uni
1869 3125 1937 3161 soli
1963 3126 2044 3160 sub-

117 3181 313 3228 scriptioni
337 3183 440 3218 locus
466 3183 547 3218 dari
571 3185 708 3230 potuit,
734 3186 798 3221 sed
823 3185 937 3221 etiam
961 3185 1108 3220 librarii
1132 3185 1400 3230 exemplarium
1420 3188 1626 3219 nostrorum
1644 3183 1805 3218 omnium
1823 3195 1894 3218 uno
1912 3183 2043 3228 palim-

116 3241 243 3284 psesto
266 3239 469 3276 Veronensi
506 3245 661 3287 excepto
695 3245 773 3278 tam
807 3242 1070 3288 inscriptiones
1105 3254 1216 3286 quam
1252 3241 1544 3287 subscriptiones
1580 3241 1635 3276 ita
1670 3252 1817 3286 pessum
1852 3241 2042 3281 dederunt,

116 3299 160 3332 ut
193 3308 305 3342 saepe
338 3309 411 3333 non
445 3299 631 3344 supersint
665 3299 735 3334 nisi
769 3300 979 3345 particulae
1012 3299 1168 3335 mutilae
1205 3302 1243 3335 et
1273 3299 1527 3344 perturbatae.
1584 3299 1786 3343 Propterea
1821 3298 1858 3332 in
1889 3298 2042 3333 elencho

118 3354 183 3400 qui
212 3354 380 3401 seqnitur
403 3356 517 3392 tertio
542 3357 878 3403 subscriptionibus
903 3370 947 3393 ex
972 3357 1177 3393 Iustiniano
1211 3357 1416 3402 desumptis
1448 3355 1653 3393 auctoritas
1683 3355 1814 3391 addita
1846 3357 1917 3397 est,
1949 3355 2043 3391 levis

2102 1136 2248 1172 reycslae

2105 1727 2183 1753 acia
