2485 3615
1175 150 1218 154 -
1267 129 1407 164 CCCIV
1455 149 1500 154 —

493 281 501 328 ς
540 271 596 312 In
630 269 819 311 Oriente:
849 267 1115 311 VALERIO
1148 267 1223 309 ET
1254 267 1435 309 AETIO
1469 268 1564 309 VV.
1590 268 1673 310 CC.
1699 269 1935 323 CONSS.¹)

492 349 500 392 l
539 351 596 392 In
630 350 867 392 Occidente:
898 348 1079 390 AETIO
1111 347 1187 389 ΕΤ
1219 347 1484 390 VALERIO
1519 347 1712 391 CONSS.

533 432 558 474 ¹)
587 432 722 465 Valerio
747 437 777 464 et
802 431 859 473 qui
883 430 988 474 fuerit
1012 429 1190 462 mmtz'atus
1215 428 1245 461 V
1266 429 1297 462 lc.
1317 429 1403 472 Apr.
1430 428 1461 469 9,
1475 427 1530 469 45,
1545 429 1574 462 5.

373 314 455 352 432

490 536 749 570 Valentinianus
774 536 823 566 III
849 535 1051 575 Ravennae,
1082 534 1181 566 cuius
1207 538 1378 576 postrema
1402 533 1438 565 in
1464 533 1700 566 Theodosiano
1725 533 1781 567 lex
1807 539 1858 568 est
1890 536 1992 569 huius
2017 537 2097 569 anni
2123 539 2221 570 Mart.
2240 535 2301 578 243

374 595 585 628 Theodosius
610 596 642 626 II
667 591 972 634 Constantinopoli.

304 699 372 733 432
614 695 721 730 VIIII
748 695 782 729 k.
801 694 888 739 Apr.
996 693 1195 728 Ravennae
1410 692 1589 728 Flaviano
1614 698 1683 737 ppo
1711 693 1870 740 [ltaliae]
2029 698 2061 738 6,
2075 697 2130 740 23,
2144 697 2165 731 3

306 768 374 801 432
617 764 649 798 V
675 765 710 798 k.
730 764 816 808 Apr.
998 761 1323 807 Constantinopoli
1412 761 1538 798 Hierio
1562 767 1631 806 ppo
1658 760 1847 808 [Orientis]
2031 765 2062 806 9,
2077 765 2167 805 45‚5

305 837 373 870 432
613 833 665 868 III
692 831 740 867 id.
760 832 836 867 Iun.
995 830 1322 877 Constantinopoli
1409 830 1678 923 Hzliffgllgsspispfi
1707 830 1895 875 [Constan-
2030 834 2061 876 6,
2076 834 2131 875 24,
2147 835 2187 868 11

374 1000 456 1039 433
490 994 833 1038 THEODOSIO
866 995 919 1036 A.
948 994 1085 1036 XIIII
1120 993 1195 1036 ET
1231 993 1473 1036 MAXIMO
1505 993 1558 1036 V.
1583 993 1671 1047 O.1)
1705 993 1900 1036 CONSS.

531 1066 557 1110 1)
583 1067 632 1099 sic
660 1065 779 1106 11‚28,
798 1066 849 1100 16.

490 1171 702 1204 Theodosius
727 1171 760 1203 II
785 1169 1091 1213 Constantinopoli.

308 1276 375 1310 433
620 1272 652 1307 X
678 1272 713 1307 k.
731 1272 818 1307 Mai.
1003 1297 1254 1307 ........
1419 1270 1540 1306 Tauro
1566 1277 1633 1315 ppo
1660 1271 1849 1316 [Orientis]
2037 1273 2090 1313 11,
2104 1273 2158 1315 28,
2174 1275 2216 1309 16

2060 1342 2319 1386 18‚1,17-

309 1374 376 1408 433
624 1370 657 1405 V
683 1381 765 1406 non.
785 1369 853 1405 Iul.
1007 1368 1332 1414 Constantinopoli
1420 1369 1542 1404 Tauro
1567 1374 1635 1414 {³156
1662 1369 1851 1415 [Orientis]
2037 1399 2088 1434 II
2112 1400 2199 1436 Iust.
2210 1401 2444 1448 1'51'9[Hal]

376 1545 457 1584 434
490 1539 828 1584 ARIOVINDO
866 1538 943 1581 ΕΤ
974 1538 1208 1581 ASPARE
1243 1537 1437 1581 CONSS.

491 1658 706 1692 Theodosius
732 1659 764 1691 Π
789 1657 1093 1699 Constantinopoli.

309 1775 376 1809 434
621 1771 729 1806 XIIII
755 1770 921 1816 (XIIII)
1005 1769 1330 1816 Constantinopoli
1418 1770 1541 1805 Tauro
1566 1774 1635 1814 {³156
1662 1768 1852 1816 [Orientis]
1878 1773 1917 1806 et
2058 1772 2086 1806 I
2114 1773 2146 1814 5,
2162 1773 2250 1815 12‚3

664 1829 698 1864 k.
718 1829 785 1864 Iul.
1459 1826 1619 1873 patricio
2038 1829 2087 1864 ΙΙ
2118 1831 2171 1872 11,
2186 1831 2241 1873 28,
2260 1832 2299 1866 15
2324 1852 2367 1856 —

309 1902 377 1936 434
620 1899 653 1934 V
679 1899 714 1934 k.
731 1898 818 1934 Dec.
1003 1897 1327 1943 Constantinopoli
1416 1897 1571 1989 Lelogltiisq
1595 1902 1643 1942 ᾗῇ
1669 1896 1939 1943 [Constantino-
2040 1899 2197 1942 14‚16‚3

311 2017 378 2052 434
623 2015 746 2050 XVIII
772 2014 806 2050 k.
826 2015 901 2050 Ian.
1005 2041 1255 2050 ........
1418 2014 1541 2049 Tauro
1565 2019 1634 2058 §136
1662 2013 1855 2060 [Orientis]
1883 2016 1921 2050 et
2003 2042 2005 2044 .
2037 2016 2068 2056 5,
2082 2015 2149 2060 3‚1

1459 2070 1620 2117 patricio

544 2191 597 2233 D.
616 2190 708 2243 N.1)
732 2187 1075 2232 THEODOSIO
1097 2188 1149 2231 A.
1168 2188 1253 2231 XV
1275 2188 1351 2231 ET
1374 2188 1478 2238 QVI
1505 2188 1726 2231 FVERIT
1747 2187 2091 2231 NVNTIATVS
2114 2189 2311 2232 CONSS.

724 2260 782 2301 acl
810 2259 903 2302 VII
929 2259 987 2301 id.
1015 2258 1100 2301 Oct.

545 2340 640 2383 DD.
655 2340 695 2382 N
697 2340 737 2382 N
742 2341 792 2395 .2)
809 2339 1152 2382 THEODOSIO
1175 2339 1261 2382 XV
1283 2339 1359 2382 ET
1377 2338 1831 2382 VALENTINIANO
1855 2339 1947 2381 IIII
1962 2339 2098 2394 AA.3)
2115 2339 2308 2383 CONSS.

725 2410 822 2452 inde
852 2424 879 2451 a
909 2409 955 2451 X
965 2409 1086 2452 VIII
1112 2410 1150 2452 k.
1174 2409 1275 2452 Dec.

537 2492 564 2534 l)
591 2493 640 2525 sic
665 2490 695 2532 7,
710 2490 742 2531 8,
759 2490 802 2525 16
829 2509 871 2514 -
900 2490 952 2534 10,
966 2489 1034 2533 8‚5
1058 2509 1100 2514 -
1128 2490 1181 2533 16,
1196 2492 1227 2533 5,
1243 2490 1298 2525 66.
1511 2489 1537 2534 ²)
1562 2491 1610 2524 sic
1638 2489 1759 2531 1‚1,6.

535 2551 562 2594 ³)
597 2551 725 2584 Theod.
745 2549 788 2584 A.
810 2549 886 2582 XV
904 2555 933 2584 et
956 2549 1094 2583 Valano
1120 2549 1217 2582 IIII
1236 2549 1279 2582 A.
1305 2547 1429 2590 1‚1‚6.

379 2310 461 2349 435

499 2655 713 2689 Theodosius
737 2656 770 2687 ΙΙ
795 2654 1099 2698 Constantinopoli.

313 2770 381 2805 435
623 2770 697 2806 IIII
722 2768 756 2804 k.
777 2768 881 2804 Febr.
1004 2766 1332 2812 Constantinopoli
1418 2765 1568 2802 Valerio
1594 2776 1690 2811 mag.
1717 2765 1822 2808 offic„
1847 2764 1987 2800 Isidoro
2035 2766 2067 2807 6,
2083 2766 2137 2808 28,
2152 2767 2174 2800 8

1460 2829 1529 2868 1‘21‘26
1546 2821 1747 2869 [Orientis],
1761 2821 1905 2869 Regino
1921 2827 1991 2867 {5136

1463 2880 1617 2927 Illyrici,
1633 2880 1788 2917 Leontio
1801 2885 1860 2925 131'1,
1874 2879 1990 2915 Theo-

1464 2939 1551 2974 doto
1585 2950 1676 2974 com.
1700 2937 1883 2985 Aegypti,
1915 2937 1989 2973 Ab·

1466 2996 1608 3032 thartio
1673 3008 1764 3032 com.
1813 2994 1989 3040 Orientis,

1463 3055 1659 3101 Cleopatro
1678 3054 1794 3100 praef.
1803 3054 1907 3100 Aug„
1920 3053 1990 3089 He-

1462 3112 1591 3159 sychio
1620 3123 1786 3158 procons.
1811 3111 1988 3155 Achaiae,

1462 3169 1661 3206 Eustathio
1680 3168 1750 3205 vic.
1761 3169 1882 3214 Asiae,
1897 3170 1988 3206 Nec-

1463 3228 1559 3264 tario
1586 3227 1652 3263 vic.
1673 3227 1852 3263 Ponticae

318 3301 384 3336 435
628 3302 703 3338 IIII
727 3300 775 3336 id.
795 3301 903 3336 Mart.
1009 3298 1333 3345 Constantinopoli
1422 3297 1570 3333 Valerio
1594 3309 1692 3342 mag.
1710 3296 1804 3332 offic.
1823 3296 1910 3342 [On]
1937 3298 1974 3332 et
2035 3296 2066 3338 7,
2080 3296 2111 3339 8,
2130 3295 2170 3329 16

1462 3367 1606 3392 excons.
1632 3353 1817 3391 ordinario
