2485 3615
1194 156 1236 160 —
1286 135 1464 171 CCCVIII
1515 157 1557 161 —

415 239 589 275 Conscius
613 240 706 275 mihi
733 253 822 282 sum,
853 239 1005 284 quantis
1032 238 1134 273 vitiis
1158 239 1251 273 haec
1277 238 1496 284 compilatio
1527 239 1689 281 laboret,
1716 252 1941 285 quamquam
1967 252 2117 287 operam
2143 242 2342 278 maximam

414 298 515 339 dedi,
543 300 584 333 ut
610 310 653 333 ex
682 297 792 333 variis
818 296 1018 333 saecularis
1044 299 1081 331 et
1107 295 1352 331 ecclesiastici
1378 295 1468 331 iuris
1493 296 1599 331 libris
1625 299 1662 332 et
1687 310 1731 332 ex
1756 297 1967 334 litterarum
1993 299 2166 344 operibus
2197 312 2242 336 ea
2271 301 2342 336 col-

413 354 580 400 ligerem,
607 366 702 399 quae
728 356 775 390 ad
793 353 977 389 Breviarii
1000 365 1106 388 usum
1132 355 1315 398 spectant.
1358 353 1471 398 Spero
1497 356 1624 389 tamen
1648 366 1705 389 me
1724 354 1894 401 Savignii
1911 356 2156 401 Haeneliique
2181 358 2343 393 tabellas

412 411 517 447 novis
543 412 725 454 fontibus,
752 424 842 457 quos
868 411 925 446 illi
950 411 1109 447 nondum
1138 414 1406 458 cognoverant,
1436 411 1617 448 adhibitis
1644 412 1805 456 auxisse,
1839 425 1858 449 e
1883 413 2040 459 singulis
2065 427 2152 450 vero
2177 415 2342 451 fontibus

413 470 631 514 praesertim
657 482 700 506 ex
725 469 928 505 maioribus
953 469 1133 515 temporis
1158 469 1342 515 angustiis
1368 482 1514 515 pressus
1546 482 1620 505 non
1646 482 1770 505 omnes
1794 471 1895 506 locos
1926 472 2069 507 adferre
2104 472 2220 517 potui.
2270 472 2342 508 Sed

412 528 481 562 hoc
515 528 615 562 haud
651 540 825 573 magnum
864 526 985 572 operis
1019 525 1153 562 vitium
1185 538 1262 562 esse
1295 529 1404 572 puto,
1442 539 1528 562 nam
1563 527 1633 563 etsi
1666 527 1794 574 magni
1826 528 2004 564 momenti
2039 532 2095 565 est
2129 529 2239 573 scire,
2276 531 2341 566 ubi

411 585 643 620 Breviarium
668 597 734 630 per
759 585 909 621 saecula
934 584 1048 620 medii
1074 584 1157 620 aevi
1184 584 1395 620 adhibitum
1422 585 1480 627 sit,
1507 587 1634 621 tamen
1660 597 1733 621 non
1759 585 1859 621 tanti
1886 585 1998 631 pretii
2023 587 2116 621 mihi
2142 599 2219 623 esse
2244 588 2341 625 vide-

412 645 473 677 tur
510 646 684 678 accurate
720 642 956 688 intellegere,
990 644 1082 687 quot
1112 643 1211 677 locos
1246 642 1386 688 singuli
1422 643 1683 688 compilatores
1719 643 1823 679 velut
1855 643 2081 680 Benedictus
2114 645 2247 681 Levita
2282 647 2340 681 vel

411 700 713 736 Pseudoisidorus
741 701 798 736 vel
825 701 889 735 Ivo
915 700 1191 745 assumpserint.

530 757 652 792 Minus
690 757 877 802 perfectus
907 760 963 792 est
993 758 1103 794 index
1134 758 1446 800 testimoniorum,
1479 770 1573 803 quae
1608 759 1651 794 de
1683 771 1751 794 usu
1784 758 1920 795 forensi
1944 759 2126 796 Breviarii
2150 761 2267 797 nostri
2297 773 2341 797 ex

416 816 529 850 variis
556 816 769 851 chartarum
795 816 1109 861 formularumque
1136 817 1422 852 collectionibus
1447 817 1615 862 praebui.
1664 816 1788 853 Attuli
1818 819 1966 852 tantum
1999 828 2056 859 ea,
2091 830 2245 862 quorum
2271 819 2342 854 viri

411 874 524 916 docti,
559 873 623 918 qui
657 886 701 909 ea
734 874 778 909 de
802 886 842 909 re
876 874 1141 917 disseruerunt,
1177 875 1403 911 mentionem
1435 876 1611 911 fecerant.
1662 875 1756 910 Sane
1784 874 1966 910 Conratus
1991 875 2109 911 altero
2135 876 2258 921 operis
2283 877 2341 913 sui

411 931 597 967 volumine
622 932 690 967 has
717 931 966 978 allegationes
992 932 1094 968 vario
1120 933 1228 968 modo
1254 932 1419 978 augebit.
1469 932 1634 978 Speciali
1659 944 1806 977 quoque
1841 931 1964 967 studio
1988 932 2127 978 reliqui
2152 946 2338 979 quaerere,

411 989 588 1034 quamdiu
615 990 805 1025 clausulae
831 991 1101 1035 formulaeque.
1137 1003 1231 1035 quae
1258 991 1305 1026 ad
1329 990 1561 1027 Breviarium
1587 992 1778 1036 spectant.
1810 989 1923 1025 variis
1948 990 2100 1036 placitis
2126 991 2339 1037 chartisque

409 1046 629 1092 praesertim
664 1050 784 1082 terrae
811 1048 1119 1094 Francogallicae
1146 1048 1405 1084 insererentur.
1455 1048 1523 1083 llle
1551 1060 1646 1089 vero,
1674 1047 1738 1092 qui
1762 1059 1825 1083 eas
1851 1047 2061 1094 collegerit,
2091 1061 2196 1084 usum
2222 1048 2340 1095 ipsius

409 1103 590 1140 Breviarii
616 1105 797 1140 forensem
828 1118 902 1141 non
933 1109 1032 1141 recte
1064 1105 1286 1148 illustrabit,
1322 1105 1395 1140 nisi
1426 1104 1748 1147 animadverterit,
1780 1105 1957 1150 quamdiu
1990 1106 2061 1141 hae
2087 1106 2275 1143 clausulae
2301 1109 2340 1143 et

407 1162 587 1198 formulae
614 1162 740 1198 codice
766 1163 848 1209 ipso
874 1163 949 1199 iam
974 1164 1147 1210 neglecto
1174 1163 1370 1199 valuerint.

521 1219 616 1255 Dein
642 1232 793 1266 operam
819 1221 914 1263 dedi,
941 1225 983 1257 ut
1009 1234 1082 1257 non
1108 1222 1227 1258 solum
1246 1221 1476 1258 Breviarii
1500 1221 1619 1267 ipsius
1644 1233 1730 1256 usus
1753 1233 1820 1267 per
1835 1222 1997 1258 medium
2015 1234 2148 1258 aevum
2172 1223 2338 1269 explora-

406 1279 509 1313 retur
533 1278 597 1313 sed
623 1278 737 1314 etiam
769 1278 1074 1324 epitomarum
1100 1300 1143 1304 —
1168 1279 1208 1314 in
1240 1279 1316 1314 illis
1347 1279 1464 1315 etiam
1488 1279 1582 1325 legis
1608 1279 1798 1315 Romanae
1827 1279 2028 1323 Curiensis,
2059 1292 2155 1325 quae
2189 1292 2212 1316 a
2244 1293 2338 1317 com-

408 1335 576 1381 pluribus
611 1336 826 1372 auctoribus
858 1337 1021 1383 epitome
1055 1337 1087 1372 S
1113 1337 1213 1373 Galli
1238 1337 1453 1373 nominatur
1484 1357 1527 1362 ——
1565 1340 1603 1372 et
1633 1337 1720 1372 libri
1746 1336 1881 1373 decimi
1906 1337 2001 1373 sexti
2031 1337 2338 1374 Theodosiani

406 1393 604 1439 genuini.
657 1393 797 1434 Quibus
829 1395 1007 1430 nonnulla
1042 1407 1086 1431 ex
1119 1395 1456 1431 constitutionibus
1482 1395 1813 1431 Sirmondianis
1844 1397 1882 1431 et
1915 1407 1959 1432 ex
1984 1396 2199 1433 Novellis
2232 1399 2338 1434 extra

407 1451 638 1487 Breviarium
665 1452 890 1498 vagantibus
915 1452 1053 1488 addidi.

522 1511 564 1545 In
590 1509 741 1545 tabellis
767 1510 839 1546 duo
865 1510 973 1556 signa
999 1511 1056 1556 [=
1083 1513 1121 1546 et
1147 1511 1224 1556 cfr.]
1252 1510 1376 1556 posui,
1409 1522 1564 1555 quorum
1588 1510 1711 1556 priore
1736 1509 1783 1545 iis
1808 1513 1956 1548 tantum
1981 1512 2075 1548 locis
2099 1512 2243 1555 utebar,
2275 1512 2341 1548 ubi

406 1567 580 1612 neglecta
605 1579 723 1612 parva
745 1568 939 1604 verborum
966 1568 1175 1604 mutatione
1195 1569 1254 1604 vel
1279 1568 1487 1605 inversione
1504 1568 1691 1604 Breviarii
1718 1568 1931 1615 fragmenta
1955 1569 2139 1617 integra
2163 1569 2201 1605 in
2219 1572 2340 1616 poste-

405 1625 519 1661 riores
545 1625 666 1661 fontes
692 1626 931 1662 transierunt.
982 1628 1149 1663 Alterum
1177 1638 1262 1662 vero
1295 1626 1539 1670 adhibebam,
1572 1629 1615 1662 ut
1642 1627 1898 1663 ostenderetur
1923 1627 2135 1674 fragmenta
2156 1627 2341 1664 Breviarii

406 1683 671 1718 transformata
697 1695 775 1719 esse
803 1685 860 1719 vel
886 1687 1084 1729 utrumque
1115 1688 1261 1721 textum
1287 1697 1394 1720 sensu
1426 1687 1575 1721 tantum
1602 1696 1813 1730 congruere.
1862 1685 1937 1721 Ubi
1963 1686 2008 1721 de
2033 1685 2216 1722 Breviarii
2245 1687 2341 1733 frag-

406 1744 613 1778 mentorum
639 1754 706 1777 usu
733 1742 964 1785 dubitabam,
991 1743 1138 1789 signum
1157 1743 1199 1788 [P]
1226 1743 1344 1789 posui.

527 1799 683 1835 Constat
723 1800 935 1846 fragmenta
970 1800 1155 1836 Breviarii
1197 1813 1219 1836 a
1255 1800 1566 1846 compilatoribus
1603 1799 1974 1836 Pseudoisidorianae
2015 1803 2053 1837 et
2090 1800 2341 1847 capitulorum

406 1857 640 1903 Angilramni
665 1858 824 1893 multum
850 1857 1050 1894 immutata
1075 1862 1114 1895 et
1138 1858 1194 1894 ita
1218 1858 1342 1895 textui
1367 1871 1389 1894 a
1413 1858 1565 1894 falsario
1592 1858 1802 1903 conscripto
1827 1858 1967 1894 inserta
1991 1870 2082 1895 esse.
2123 1859 2204 1895 Hac
2220 1860 2341 1896 forma

405 1915 516 1952 multi
539 1915 723 1951 Breviarii
753 1915 827 1951 loci
856 1916 895 1951 in
929 1917 1170 1953 collectiones
1195 1917 1418 1963 posteriores
1443 1916 1817 1953 transscribebantur.
1866 1916 2039 1962 Exempli
2062 1916 2190 1963 gratia
2221 1916 2337 1954 etiam

404 1973 471 2008 hos
495 1973 673 2009 falsarum
691 1973 954 2010 collectionum
971 1975 1072 2010 locos
1098 1975 1283 2010 interdum
1308 1974 1547 2021 investigavi,
1574 1974 1637 2011 sed
1662 1977 1704 2010 ut
1731 1974 1776 2010 ab
1803 1974 1889 2010 aliis
1907 1974 2239 2022 distinguerentur,
2265 1987 2340 2012 eos-

407 2032 489 2068 dem
515 2031 692 2068 asterisco
712 2032 755 2078 [³⁸²]
783 2032 941 2079 signavi.

519 2090 661 2126 Deinde
687 2102 838 2136 operam
863 2090 1024 2133 intendi,
1058 2092 1101 2126 ut
1126 2093 1300 2126 accurate
1326 2091 1574 2137 explorarem,
1606 2094 1731 2127 utrum
1756 2092 1926 2127 auctores
1950 2089 2139 2126 variarum
2164 2089 2341 2136 compila-

405 2147 549 2183 tionum
574 2148 656 2193 ipso
682 2149 873 2185 Breviario
901 2149 957 2184 usi
983 2151 1105 2184 essent
1131 2160 1177 2183 an
1202 2149 1416 2195 fragmenta
1442 2161 1485 2184 ex
1511 2148 1586 2185 alio
1612 2149 1772 2194 quodam
1796 2148 1900 2185 fonte
1920 2147 2112 2185 Breviario
2137 2148 2341 2194 posteriore

405 2205 628 2241 hausissent.

521 2264 777 2310 Manuscripta
804 2264 991 2300 variarum
1017 2264 1326 2310 compilationum
1353 2264 1474 2300 adhuc
1500 2263 1729 2300 ineditarum
1761 2264 1841 2309 ipse
1865 2275 1938 2299 non
1963 2263 2131 2310 excerpsi
2154 2264 2219 2300 sed
2242 2263 2340 2311 frag-

404 2323 531 2357 menta
557 2324 705 2358 tantum
733 2322 929 2365 adnotavi,
963 2335 1059 2368 quae
1085 2323 1285 2369 scriptores
1318 2335 1362 2358 ex
1387 2322 1462 2358 illis
1489 2322 1681 2359 codicibus
1706 2325 1953 2369 sumpserant.
2003 2322 2084 2364 Qua
2112 2321 2152 2357 in
2176 2334 2215 2358 re
2245 2322 2339 2358 mihi

404 2379 565 2415 maximo
585 2380 723 2415 fructui
741 2381 891 2416 fuerunt
911 2383 948 2416 et
968 2381 1139 2416 volumen
1157 2381 1317 2426 primum
1334 2380 1426 2416 iuris
1444 2380 1602 2416 Romani
1625 2380 1815 2423 historiae,
1842 2380 1942 2425 quod
1960 2379 2179 2416 Conratus
2203 2392 2342 2427 magna

405 2449 488 2472 cum
514 2437 715 2484 diligentia
741 2438 902 2484 scripsit,
929 2440 968 2474 et
993 2451 1089 2483 quae
1111 2439 1302 2476 Patetta
1327 2440 1371 2475 de
1397 2452 1465 2475 usu
1490 2439 1673 2474 Breviarii
1697 2451 1764 2484 per
1788 2437 1940 2475 Italiam
1965 2437 2149 2484 exposuit.
2190 2438 2341 2475 Gratias

405 2506 477 2540 ago
507 2494 597 2529 viris
624 2494 743 2530 doctis
770 2495 808 2530 P.
829 2495 1050 2531 Fournier
1075 2496 1427 2542 Gratianopolitano
1453 2499 1491 2532 et
1514 2497 1562 2531 M.
1583 2495 1778 2532 Conrato
1802 2495 2154 2539 Amstelodamensi,
2186 2507 2340 2541 quorum

406 2552 467 2587 hic
484 2552 577 2587 mihi
597 2553 777 2588 nonnulla
795 2554 1027 2589 collectanea
1045 2553 1156 2599 primi
1176 2554 1281 2590 tituli
1299 2553 1479 2590 historiae
1497 2566 1596 2599 suae,
1620 2566 1731 2599 quam
1749 2566 1862 2600 supra
1879 2553 2080 2599 nominavi,
2106 2553 2340 2600 inspicienda

409 2610 523 2653 dedit,
550 2611 615 2647 ille
640 2623 785 2648 mecum
811 2612 1021 2657 complures
1047 2612 1284 2648 collectiones
1310 2612 1516 2654 canonicas,
1544 2624 1637 2657 quas
1661 2612 1742 2658 ipse
1767 2613 2022 2658 perscrutatus
2047 2613 2114 2655 est,
2140 2611 2339 2649 communi-

407 2668 520 2705 cavit.
576 2669 693 2704 Varia
730 2681 774 2705 ex
809 2669 980 2705 Novellis
1017 2669 1137 2705 socius
1176 2670 1286 2705 huius
1323 2670 1445 2716 operis
1483 2671 1522 2705 P.
1549 2670 1597 2706 M.
1623 2671 1778 2716 Meyer
1813 2670 2022 2706 liberaliter
2058 2669 2152 2705 mihi
2187 2669 2338 2706 obtulit.

405 2726 444 2761 E.
469 2726 584 2762 Seck
597 2727 638 2762 el
674 2726 907 2768 testimonia,
942 2739 1037 2772 quae
1072 2739 1115 2763 ex
1146 2727 1350 2764 Benedicto
1382 2728 1515 2764 Levita
1548 2727 1680 2771 attuli,
1713 2727 1875 2775 benigne
1909 2727 2084 2774 inspexit.
2133 2727 2339 2763 Plurimum

407 2795 491 2820 vero
518 2784 634 2820 debeo
661 2784 867 2821 clarissimo
886 2785 1136 2820 Theodosiani
1161 2785 1306 2830 editori,
1332 2785 1397 2830 qui
1421 2797 1479 2822 me
1505 2785 1660 2821 consilio
1685 2788 1799 2831 atque
1823 2785 1963 2832 peritia
1987 2797 2055 2822 sua
2078 2785 2338 2822 liberalissime

406 2842 564 2884 adiuvit,
592 2854 701 2887 quem
727 2843 842 2887 brevi,
870 2846 1072 2888 antequam
1097 2844 1159 2879 hic
1185 2843 1279 2880 liber
1302 2843 1478 2889 prodiret,
1503 2843 1681 2880 Kalendis
1698 2843 1972 2881 Novembribus
1997 2843 2197 2880 immatura
2220 2844 2339 2880 morte

407 2903 575 2946 ereptum
601 2912 678 2936 esse
705 2912 828 2936 omnes
854 2901 963 2937 valde
990 2901 1165 2937 dolemus

526 2969 670 3004 Dabam
697 2969 906 3015 Oeniponte
932 2969 1053 3015 pridie
1081 2970 1166 3005 Idus
1192 2970 1412 3006 Decembres
1437 2969 1612 3004 MCMIII.

560 3096 594 3137 Ι.
640 3096 852 3138 Breviarii
881 3111 982 3139 usus
1012 3099 1056 3140 in
1086 3111 1219 3154 regno
1242 3098 1568 3155 Visigothorum
1599 3098 1856 3153 praesertim
1886 3098 1930 3140 in
1959 3097 2184 3154 Hispania.

521 3187 642 3224 Codex
668 3187 810 3223 Alarici
836 3188 913 3224 sive
947 3191 990 3224 ut
1022 3190 1240 3235 plerumque
1267 3190 1482 3236 appellatur
1507 3189 1581 3226 Lex
1606 3189 1775 3225 Romana
1792 3189 2075 3236 Visigothorum
2100 3201 2196 3226 anno
2220 3189 2288 3225 506
2313 3201 2337 3225 a

406 3256 493 3290 rege
526 3245 674 3280 Alarico
711 3258 793 3281 cum
829 3246 1109 3283 commonitorio
1145 3247 1233 3283 dato
1266 3259 1298 3283 a.
1321 3248 1388 3282 506
1422 3247 1526 3283 Febr.
1550 3248 1572 3281 2
1605 3247 1679 3291 (vel
1703 3248 1737 3292 3)
1772 3247 2013 3311 promulgata
2049 3259 2116 3293 pro
2148 3247 2232 3310 lege
2262 3245 2336 3283 fuit

407 3302 551 3338 civibus
576 3303 767 3347 Romanis,
800 3304 864 3349 qui
896 3306 963 3340 sub
989 3305 1140 3352 regibus
1158 3305 1441 3368 Visigothorum
1472 3306 1639 3348 fuerunt,
1673 3307 1752 3341 tam
1782 3305 1821 3340 in
1845 3304 2029 3351 Hispania
2053 3316 2165 3350 quam
2195 3304 2234 3339 in
2258 3303 2334 3339 illis

406 3359 552 3395 Galliae
578 3360 766 3405 partibus,
798 3373 893 3406 quae
930 3365 1018 3398 tunc
1052 3362 1162 3398 huius
1187 3362 1291 3409 regni
1322 3365 1438 3399 erant.
1494 3364 1542 3399 At
1566 3363 1654 3398 fines
1685 3362 1761 3399 iam
1786 3362 1914 3409 paullo
1939 3363 2024 3408 post
2047 3373 2081 3398 a.
2098 3361 2166 3398 506
2190 3360 2333 3397 mutati
