2485 3615
1192 151 1403 185 XC-

456 255 660 290 Vaticanus
689 255 840 301 reginae
865 256 932 290 857
964 266 1057 290 saec.
1076 254 1174 296 Ixfx
1208 253 1364 295 {Haenel
1389 253 1433 287 47
1460 268 1502 282 ==
1527 253 1573 288 43
1603 256 1642 289 et
1672 254 1883 290 accuratius
1908 255 2045 291 Conrat
2072 256 2222 300 Quellen
2245 256 2262 290 I

340 324 374 356 p.
399 312 490 356 221).
540 312 871 358 Interpretationes
904 324 995 356 quas
1030 311 1163 351 habet,
1198 310 1313 345 habet
1347 321 1419 345 11011
1453 309 1678 346 decurtatas.
1734 312 2040 348 Additamentum
2072 313 2120 348 ad
2153 311 2262 348 inter-

340 369 586 414 pretat-ionem
612 371 643 413 4,
659 370 689 411 8,
706 371 724 403 7
752 369 938 405 adiectum
964 368 1051 403 huic
1076 367 1172 402 libro
1198 379 1389 403 commune
1415 368 1472 402 est
1497 379 1581 402 cum
1605 367 1767 413 epitome
1792 369 1978 405 Monachi.

457 484 659 520 Vaticanus
683 484 832 530 reginae
860 483 947 518 1023
972 495 1066 518 saec.
1085 483 1115 517 X
1152 483 1306 524 (Haenel
1333 483 1376 517 35
1403 498 1445 511 τε
1471 483 1529 526 24)
1555 483 1737 528 gemellus
1773 485 1829 518 est
1863 483 1950 519 libri
1987 483 2149 520 Parisini
2173 484 2264 519 4112

342 541 626 586 notavimusque
652 553 763 586 supra
789 541 837 575 ad
861 541 959 576 hunc
984 552 1080 585 quae
1104 540 1246 576 habent
1271 553 1293 575 a
1318 539 1470 585 reliquis
1496 539 1642 576 diversa
1671 540 1710 575 111
1734 540 1830 577 libro
1855 541 1986 587 primo.
2035 542 2158 578 Codex
2182 540 2266 578 finit

340 598 494 634 mutilus
520 598 780 643 Greg.4,12‚2
807 598 904 633 verb.
932 598 1071 633 aurelio
1092 597 1206 642 pri-sco
1231 601 1262 632 et
1285 608 1404 632 marco
1429 597 1542 632 militi.

458 712 660 747 Vaticanus
685 712 835 757 reginae
864 713 952 748 1048
977 724 1072 748 saec.
1091 713 1190 756 XsXI
1216 713 1373 756 (Haenel
1397 714 1443 748 36
1470 729 1512 742 =
1538 713 1611 757 39),
1643 712 1844 758 aliquando
1878 717 1921 750 ut
1945 713 2092 750 videtur
2125 714 2265 751 Ranco-

340 770 416 805 neti
442 769 539 813 (vide
565 781 677 814 supra
702 782 737 815 p.
756 769 935 813 LXXVI).
984 769 1136 815 Egimus
1162 770 1205 805 de
1231 770 1301 805 hoc
1327 769 1422 806 libro
1448 770 1496 806 ad
1521 770 1722 816 gemellum
1747 769 1956 806 Parisinum
1979 771 2080 807 4409.

456 884 661 920 Vaticanus
686 884 836 930 reginae
864 885 952 921 1050
976 896 1070 920 saec.
1089 884 1141 918 XI
1167 885 1323 927 (Haenel
1350 913 1356 919 .
1377 912 1383 919 .
1404 913 1410 920 .
1438 900 1480 914 =
1507 885 1575 930 76),
1602 887 1714 920 antea
1738 884 1976 920 Petavianus.
2021 886 2118 922 Ante
2141 887 2267 923 Brevi-

339 942 457 976 arium
482 944 567 987 post
592 945 748 979 stemma
772 943 948 987 leguntur
974 942 1087 977 verba
1112 943 1205 977 haec
1231 954 1275 978 ex
1298 941 1515 977 Alariciana
1542 942 1808 978 constitutione
1832 941 1995 978 residua:
2022 954 2161 978 annum
2187 944 2271 978 XX

340 1010 486 1045 regnum
509 999 629 1034 domni
659 1000 770 1035 nostri
794 999 937 1034 Alarici
962 1000 1052 1044 reyis
1076 999 1186 1034 datur
1209 1000 1274 1034 sub
1304 999 1360 1034 die
1386 1000 1474 1034 ΠΙ]
1501 1011 1584 1036 non.
1610 1000 1780 1036 Febroar.
1828 1000 2039 1045 Sequuntur
2062 1001 2130 1037 sub
2164 1013 2268 1047 prae-

340 1056 478 1102 scripto
512 1058 554 1091 in
579 1057 637 1092 dei
662 1057 803 1092 nomine
827 1056 1013 1101 incipiunt
1042 1057 1140 1091 tituli
1169 1057 1282 1101 leyum
1307 1067 1349 1092 ea:
1372 1068 1518 1102 corpore
1539 1058 1790 1094 Theodosiano
1814 1057 1997 1093 Breviarii
2025 1057 2196 1095 rubricae
2230 1061 2270 1095 et

338 1117 425 1160 post
449 1115 760 1161 subscriptionem
791 1115 992 1159 expliciunt
1021 1115 1119 1149 tituli
1148 1118 1271 1150 veteres
1301 1126 1342 1149 ex
1371 1126 1512 1159 corpore
1540 1116 1774 1151 Theodosiani
1800 1143 1967 1152 .......
1993 1108 2040 1150 ῗίῧ
2065 1115 2170 1151 XVI
2189 1115 2270 1162 ipse

340 1172 619 1208 Theodosianus
651 1172 728 1208 sine
753 1172 996 1218 inscriptione
1023 1185 1106 1207 cum
1131 1171 1404 1217 subscriptione
1438 1173 1508 1208 hac
1540 1172 1688 1216 (similis
1713 1176 1769 1209 est
1795 1173 1953 1209 Parisini
1977 1174 2100 1216 4412):
2129 1173 2271 1217 explicit

339 1229 426 1264 liber
447 1229 628 1264 Theodosii
652 1240 800 1264 nmnero
824 1241 867 1265 ex
890 1234 1003 1265 vetere
1028 1230 1107 1264 libri
1127 1229 1234 1265 XVI.
1276 1230 1465 1266 Breviario
1484 1231 1695 1276 subscripta
1713 1233 1799 1266 sunt
1820 1231 1931 1267 haec:
1956 1231 2014 1266 liic
2037 1230 2270 1266 continentur

339 1287 674 1333 erplan(a)t(iones)
700 1288 857 1332 i·etere(s)
882 1291 913 1322 et
940 1290 1094 1332 nora(e):
1128 1287 1167 1321 in
1193 1291 1298 1322 cetere
1324 1298 1367 1322 ea:
1391 1298 1534 1332 corpore
1561 1288 1812 1323 Theodosiano
1836 1289 1924 1324 liber
1950 1288 2066 1332 XVI,
2092 1288 2134 1322 in
2157 1289 2272 1324 novel-

340 1344 456 1378 larum
485 1344 558 1379 divi
586 1344 830 1379 Theodosiana
859 1344 944 1379 liber
969 1345 1003 1386 I,
1037 1345 1288 1379 Valentiniani
1318 1345 1405 1380 liber
1430 1345 1469 1389 I,
1501 1346 1690 1380 Marciam·
1719 1346 1805 1380 liber
1829 1346 1866 1389 I,
1898 1346 2102 1381 Maioriani
2129 1345 2213 1380 liber
2237 1344 2270 1388 I,

342 1401 459 1436 Severi
493 1402 577 1436 liber
602 1402 637 1445 I,
673 1401 746 1437 Gai
776 1403 860 1437 liber
885 1403 919 1446 I,
954 1402 1066 1436 Pauli
1095 1402 1353 1437 sententiarum
1383 1402 1467 1437 liber
1492 1402 1530 1444 V,
1569 1401 1782 1447 Greymiani
1817 1403 1903 1438 liber
1927 1405 1962 1446 I,
1999 1403 2272 1449 Ermoqeniano

341 1458 428 1492 liber
451 1459 487 1502 Ι,
517 1459 684 1504 Papiano
709 1460 793 1494 liber
818 1461 854 1494 I:
880 1460 946 1494 hoc
969 1463 1054 1494 sunt
1078 1460 1225 1494 insi-mul
1247 1460 1333 1494 liber
1360 1460 1486 1494 XXX
1509 1464 1540 1494 et
1566 1464 1729 1495 auctores
1756 1461 1810 1502 X,
1843 1462 1905 1506 qui
1933 1462 1998 1496 hoc
2025 1463 2270 1505 ezposuerunt.

341 1516 516 1561 Sequitur
540 1517 689 1552 novella
708 1517 838 1553 Leonis
864 1520 902 1553 et
925 1517 1050 1553 Severi
1077 1518 1121 1554 de
1147 1517 1352 1563 corporatis
1373 1517 1472 1561 (vide
1498 1530 1610 1564 supra
1634 1518 1845 1564 p.LXXX),
1872 1517 2004 1554 deinde
2028 1518 2089 1554 lex
2104 1518 2270 1564 Burgun-

342 1572 492 1609 dionum
519 1575 695 1610 Romana.
721 1593 764 1599 -
789 1575 842 1610 De
867 1574 1062 1610 sententiis
1088 1575 1208 1616 Pauli,
1234 1575 1364 1620 quales
1389 1575 1427 1610 in
1452 1576 1522 1611 hoc
1547 1575 1642 1611 libro
1668 1575 1905 1616 exhibentur,
1931 1574 2104 1621 exposuit
2127 1575 2271 1622 Degen-

341 1630 430 1666 kolb
465 1631 504 1666 in
537 1631 911 1668 commentationibus
935 1632 1237 1668 Mommsenianis
1268 1645 1302 1678 p.
1322 1633 1389 1667 646
1403 1645 1476 1678 seq.
1503 1634 1757 1669 demonstrans
1789 1632 1851 1668 hic
1882 1633 2010 1668 adesse
2042 1632 2196 1668 titulum
2227 1632 2272 1668 de

343 1688 539 1724 adulteriis
565 1702 587 1725 a
613 1689 764 1725 Cuiacio
792 1688 935 1726 editum
960 1701 1004 1725 ex
1029 1689 1155 1726 codice
1174 1688 1467 1726 Vesontionensi.

1098 1834 1155 1875 II.
1197 1833 1517 1877 EPITOMAE.

342 1918 606 1955 FVLDENSIS
631 1919 663 1954 D
689 1920 705 1954 I
731 1931 825 1955 saec.
844 1919 934 1954 VIII
961 1920 1119 1963 (Haenel
1136 1921 1180 1955 49
1201 1936 1242 1950 =
1260 1921 1321 1961 45;
1349 1920 1488 1956 Conrat
1508 1921 1656 1965 Quellen
1683 1921 1712 1962 1,
1727 1921 1819 1965 222),
1846 1922 1959 1956 antea
1974 1919 2272 1967 Weingartensis

481 1977 540 2019 (cf.
568 1977 719 2013 Zeumer
744 1977 825 2012 MG.
844 1977 946 2012 form.
967 1990 1003 2022 p.
1023 1979 1066 2021 1).

435 2034 677 2076 Breviarium,
703 2034 808 2070 cuius
834 2038 960 2080 partes
985 2034 1025 2069 in
1050 2035 1120 2070 1100
1147 2034 1273 2070 codice
1299 2035 1425 2071 ordine
1451 2047 1525 2071 non
1550 2035 1662 2071 solito
1679 2035 1914 2077 exhibentur,
1939 2035 2098 2070 scintilla
2122 2034 2165 2070 de
2187 2034 2275 2069 libro

480 2093 595 2137 leyum
620 2093 838 2138 appellatur
863 2095 942 2128 tam
974 2095 1061 2128 ante
1086 2092 1317 2128 rubricarum
1343 2093 1505 2128 indicem
1531 2105 1643 2138 quam
1674 2093 1712 2128 in
1738 2093 1808 2128 fine
1834 2094 2006 2138 (utroque
2031 2092 2111 2128 loco
2136 2091 2276 2138 legitur

481 2150 623 2193 explicit
648 2150 698 2184 ad
722 2150 899 2194 integrum
923 2161 967 2184 sc.
986 2150 1028 2184 de
1051 2151 1072 2185 l;
1091 2151 1140 2194 l.).
1183 2150 1443 2186 Theodosiano
1464 2149 1748 2195 praescribitur:
1774 2150 1898 2193 incipit
1921 2150 2123 2194 capitulare
2142 2148 2273 2184 Theod.

484 2207 567 2241 liber
586 2208 622 2251 I,
649 2208 901 2253 subscript-um
932 2210 989 2243 est
1018 2207 1261 2242 Thettalos—iani
1292 2208 1375 2242 liber
1402 2207 1507 2242 XVI
1528 2208 1678 2251 explicit.
1729 2206 2026 2243 Constitutiones
2051 2206 2275 2252 interpreta-

481 2264 581 2300 tione
609 2267 795 2307 carentes,
822 2278 914 2310 quas
939 2265 1126 2301 decurtati
1152 2266 1272 2301 solent
1297 2277 1433 2311 ponere
1458 2265 1634 2311 integras,
1665 2267 1922 2311 proponuntur
1945 2263 2192 2310 epitomatae,
2217 2275 2275 2299 ex-

482 2322 598 2367 empli
616 2334 727 2357 causa
747 2323 798 2364 16,
816 2324 845 2364 7,
860 2323 881 2358 3
907 2322 969 2358 hic
995 2322 1047 2358 sic
1073 2322 1287 2359 exhibetur:
1312 2323 1375 2367 qui
1397 2322 1591 2358 Christiani
1614 2322 1795 2367 religionis
1818 2326 1849 2357 et
1872 2321 2029 2357 nominis
2046 2321 2277 2365 nesse-verint,

475 2380 693 2423 puniantur.
743 2380 884 2426 Legum
908 2380 940 2421 3,
958 2381 1008 2422 12,
1024 2381 1044 2414 2
1070 2383 1109 2416 00
1133 2380 1154 2415 3
1186 2379 1515 2425 interpretationes
1548 2378 1604 2415 ita
1634 2379 1810 2425 leguntur
1835 2379 2097 2425 perturbatae:
2128 2378 2278 2413 Fratris

483 2447 631 2472 uxorem
655 2436 813 2472 ducendi
836 2438 890 2472 vel
911 2438 980 2471 uni
1006 2438 1080 2472 viro
1103 2437 1194 2472 duas
1218 2448 1358 2472 sorores
1381 2436 1532 2471 habendi
1556 2440 1621 2471 aut
1645 2437 1775 2472 sororis
1799 2437 1839 2471 in
1860 2437 1990 2480 fratris
2009 2436 2088 2479 filia
2114 2439 2180 2470 aut
2195 2446 2277 2470 con·

481 2493 630 2528 subrina
655 2498 720 2529 aut
745 2498 834 2530 certe
857 2495 989 2537 fratres
1012 2506 1156 2530 umorem
1174 2496 1323 2540 penitus
1347 2496 1528 2530 licentiam
1545 2495 1755 2542 deneqatur,
1780 2507 1868 2530 nam
1889 2506 1933 2530 ex
1949 2495 2016 2530 tali
2031 2494 2277 2530 coniunctione

477 2552 656 2595 procreati
679 2552 733 2594 sui
758 2552 904 2596 legitimi
928 2563 1002 2587 non
1024 2553 1197 2588 habentur
1221 2557 1253 2588 et
1276 2553 1435 2596 facultas
1461 2564 1582 2588 eorum
1607 2553 1654 2587 ad
1678 2553 1789 2588 eredes
1815 2553 2036 2597 proximiore
2057 2551 2175 2597 yradu
2193 2561 2277 2596 per-

484 2609 597 2651 cenit‚·
629 2609 661 2643 si
693 2609 830 2645 heredes
863 2621 939 2644 non
967 2610 1121 2654 adsunt,
1153 2614 1229 2645 tum
1259 2611 1299 2645 in
1329 2621 1450 2645 eorum
1479 2611 1652 2655 facultate
1684 2611 1792 2654 fiscus
1821 2610 1974 2646 accedat.
2029 2610 2120 2645 Post
2153 2609 2276 2645 locum

483 2666 700 2711 Papiniani,
732 2666 770 2701 in
796 2679 868 2711 quo
894 2667 1121 2703 breviarium
1149 2667 1253 2704 finire
1286 2668 1396 2710 solet,
1429 2670 1648 2713 sequuntur,
1684 2668 1828 2714 pariter
1857 2670 1972 2712 atque
2002 2666 2041 2702 in
2067 2665 2274 2702 Pithoeano

483 2723 677 2768 deperdito
706 2724 745 2758 F
770 2724 869 2768 (vide
894 2736 1007 2770 supra
1032 2737 1068 2770 p.
1087 2725 1252 2768 LXXX),
1279 2725 1428 2762 novella
1454 2725 1586 2761 Leonis
1612 2729 1650 2762 et
1675 2725 1802 2762 Severi
1827 2725 1873 2761 de
1898 2723 2106 2770 corporatis
2137 2723 2176 2759 in
2201 2722 2277 2769 epi-

483 2783 607 2816 tomen
631 2782 785 2817 redacta
810 2783 848 2817 et
872 2781 1137 2827 interpretatio
1164 2782 1441 2818 constitutionis
1466 2783 1602 2825 9,1,18
1628 2783 1681 2818 sic
1712 2786 1755 2819 ut
1786 2795 1868 2819 eam
1898 2780 2114 2817 rettulimus
2145 2780 2183 2816 in
2214 2792 2277 2826 ap-

484 2842 658 2883 paratum
687 2841 863 2874 nostrum.
891 2860 931 2864 —
960 2840 1003 2874 In
1034 2839 1190 2875 novellis
1222 2851 1317 2885 quae
1350 2840 1503 2886 propria
1536 2840 1677 2876 habeat
1701 2839 1909 2881 Fuldensis,
1943 2838 1981 2873 in
2015 2838 2137 2875 altera
2167 2837 2279 2874 huius

484 2895 658 2931 editionis
684 2898 790 2941 parte
817 2896 1080 2932 declarabitur.

346 2964 595 2999 EPITOMAE
619 2965 923 3000 AEGIDIANAE
941 2965 1095 3009 (Haenel
1114 2977 1148 3010 p.
1163 2965 1278 3000 XXV.
1298 2966 1430 3000 XXVI.
1449 2965 1802 3006 LXXV—LXXIX;
1829 2965 1967 3000 Conrat
1988 2965 2130 3010 Quellcn
2149 2965 2179 3006 l,
2196 2965 2278 3008 222)

485 3022 524 3056 in
559 3023 833 3068 exemplaribus
866 3022 1082 3058 melioribus
1117 3023 1374 3068 praemittit-ur
1403 3022 1619 3059 Auctoritas
1651 3022 1865 3058 Alariciana
1897 3023 2023 3068 (supra
2052 3034 2089 3068 p.
2115 3021 2278 3066 XXXII).

484 3080 570 3124 Ipsa
594 3080 697 3115 facta
723 3079 870 3115 videtur
894 3092 972 3116 esse
999 3091 1094 3115 saec.
1112 3080 1201 3114 VIII
1227 3083 1400 3122 exeunte;
1435 3084 1534 3116 certe
1566 3079 1712 3116 codices
1739 3079 1993 3124 antiquissimi
2019 3079 2156 3124 quique
2180 3079 2278 3114 hanc

484 3139 649 3172 aetatem
675 3149 748 3172 non
773 3140 960 3183 superant,
987 3139 1025 3172 et
1051 3149 1133 3172 cum
1159 3137 1282 3173 adsint
1306 3137 1344 3173 in
1362 3137 1571 3183 Aegidiana
1589 3136 1777 3182 epitomae
1796 3136 2105 3173 constitutionum
2122 3147 2278 3180 quarun-

484 3194 569 3229 dam
605 3193 886 3229 adiecticiarum
921 3195 1048 3239 (supra
1081 3206 1116 3240 p.
1143 3195 1276 3239 XCIII)
1315 3194 1480 3240 itemque
1517 3194 1681 3229 locorum
1717 3194 1826 3229 Pauli
1862 3194 2009 3239 aliquot
2045 3192 2220 3243 similiter
2255 3204 2279 3228 a

485 3250 674 3286 Brevi-ario
706 3250 897 3296 primitivo
932 3249 1151 3293 alienorum,
1186 3250 1411 3296 epitomator
1445 3249 1661 3286 adhibuerit
1695 3263 1842 3287 necesse
1878 3253 1935 3286 est
1967 3249 2104 3286 librum
2138 3249 2278 3286 formae

483 3310 626 3343 auctae.
670 3308 766 3343 Ante
792 3319 823 3343 3.
844 3308 910 3342 744
927 3308 1026 3353 quod
1050 3307 1238 3353 epitomen
1263 3308 1443 3354 scriptam
1467 3320 1545 3344 esse
1563 3307 1764 3344 Haenelius
1790 3307 1992 3350 contendit,
2016 3306 2154 3344 nititur
2178 3306 2278 3352 capi·

484 3365 597 3400 tulari
629 3366 675 3401 ad
708 3378 790 3402 eum
823 3378 958 3402 annum
991 3366 1111 3402 relato
1144 3367 1244 3412 apud
1276 3366 1470 3402 Baluzium
1501 3366 1615 3412 capit.
1635 3368 1652 3403 1
1686 3379 1721 3412 p.
1742 3366 1824 3408 154,
1860 3365 1898 3400 in
1928 3376 2001 3411 quo
2032 3364 2140 3402 adest
2169 3363 2279 3403 inter-
