2485 3615
1223 161 1267 167 -—
1317 140 1500 177 CCXXIV
1549 163 1590 168 —

351 272 1291 283 ......................
1527 246 1690 282 Maximo
2079 249 2111 290 5,
2127 249 2182 293 20,
2197 249 2216 284 1

351 342 1295 352 ......................
1529 316 1688 352 Paterno
1705 317 1905 354 Valeriano
2080 320 2112 360 6,
2126 319 2180 360 38,
2197 320 2215 353 1

351 410 1297 421 ......................
1532 388 1620 421 acta
1645 385 1690 421 de
1715 385 1926 433 Agrippina
2080 388 2112 429 8,
2129 388 2181 428 15,
2197 388 2217 421 1

351 442 735 492 ConstantinoA.,IIII
759 453 841 477 non.
861 441 946 476 Feb.

374 502 413 536 et
438 501 473 536 C.
496 500 616 546 [357‘?]
647 500 753 538 {VIII
778 499 826 533 id.
846 499 913 533 Iul.

1043 442 1119 476 dat.
1147 441 1357 477 Mediolano

1043 510 1109 533 acc
1113 525 1292 535 ......

1529 470 1712 506 Flaviano
1731 483 1897 516 procons.
1907 472 2053 508 Africae

2082 473 2180 515 15,1,
2199 473 2215 506 1

351 586 567 594 .......
661 557 696 591 k.
718 556 803 592 Feb.
1043 583 1051 591 .
1079 583 1086 590 .
1113 583 1121 592 .
1148 585 1155 592 .
1182 584 1189 592 .
1217 585 1223 592 .
1252 585 1258 592 .
1287 584 1293 591 .
1526 557 1662 593 Italico
2081 559 2170 594 lust.
2189 559 2220 600 3,
2235 559 2327 601 26,6

352 652 1299 663 ......................
1531 627 1673 672 populo
2082 627 2172 662 Iust.
2189 627 2222 669 4,
2235 627 2290 672 32,
2303 628 2350 663 25

349 720 1294 731 ......................
1528 695 1731 731 Volusiano
1757 702 1825 741 ῇῇδ
2079 696 2168 732 Iust.
2187 697 2219 738 4,
2233 697 2289 739 35,
2303 697 2346 732 21

350 791 567 801 .......
663 763 714 797 VI
740 762 774 796 k.
794 762 903 797 Mart.
1047 790 1054 798 .
1081 789 1088 798 .
1117 791 1122 798 .
1151 792 1158 798 .
1186 792 1192 799 .
1221 791 1228 798 .
1255 792 1261 799 .
1291 791 1298 799 .
1531 764 1664 816 Ursino
1692 764 1776 800 duci
1803 765 2011 810 Mesopota·
2085 765 2175 800 Iust.
2193 766 2225 809 4,
2239 765 2327 807 42,1

1573 823 1671 846 miae

350 893 568 902 .......
663 866 733 901 VII
759 866 808 900 id.
827 866 936 901 Mart.
1044 879 1105 912 pp.
1133 867 1366 914 Karthagine
1526 868 1643 904 Felici
1668 875 1737 914 ppo
2081 869 2171 904 Iust.
2187 869 2221 913 4,
2235 870 2291 911 62,
2305 870 2328 904 4

350 935 602 982 [Constantini
665 962 1293 972 ...............
1527 938 1646 972 Probo
2077 938 2168 972 Iust.
2185 939 2217 982 6,
2234 939 2263 980 1,
2278 938 2312 984 3]

372 997 411 1030 et
436 993 571 1029 Licinii
586 994 610 1038 1)

628 1052 652 1095 ¹)
679 1055 730 1086 Ex
756 1054 1049 1096 Hermogeniano:
1076 1065 1108 1086 v.
1126 1065 1158 1096 p.
1178 1054 1292 1086 XXIX

347 1161 354 1168 .
382 1162 389 1169 .
417 1161 423 1169 .
452 1133 624 1176 [319s323]
662 1159 1293 1168 ...............
1527 1133 1690 1169 Maximo
1716 1139 1762 1178 psi
1789 1133 1852 1177 (rel
1875 1135 1957 1178 ppo)
2081 1134 2170 1168 Iust.
2189 1134 2219 1176 7,
2236 1135 2301 1177 1,4

347 1201 597 1248 [Constantini
664 1228 1295 1237 ...............
1529 1202 1681 1238 Titiano
1706 1201 1870 1248 praesidi
1888 1201 2032 1247 Cappa·
2081 1202 2170 1238 lust.
2190 1203 2220 1248 7,
2237 1204 2290 1245 16,
2303 1203 2360 1248 41]

371 1263 409 1297 et
436 1259 573 1295 Licinii
584 1262 609 1304 ¹)
1574 1260 1702 1296 dociae

624 1318 649 1360 ¹)
677 1320 729 1351 Ex
754 1319 1047 1361 Hermogeniano:
1074 1330 1106 1352 v.
1126 1331 1157 1362 p.
1175 1321 1293 1352 XXIX

452 1399 586 1445 [317s9]
661 1425 1292 1433 ...............
1527 1399 1641 1435 Basso
2079 1399 2169 1434 Iust.
2188 1399 2220 1444 7,
2235 1399 2288 1441 19,
2302 1399 2322 1433 7

351 1494 1293 1506 ......................
1528 1468 1643 1504 Orfito
2079 1468 2168 1504 lust.
2187 1467 2218 1511 7,
2232 1468 2288 1511 37,
2305 1469 2321 1502 1

349 1564 1294 1576 ......................
1530 1537 1719 1574 Catullino
1746 1537 1885 1573 vicario
2080 1538 2169 1573 Iust.
2189 1538 2242 1580 10,
2256 1538 2312 1580 48,
2326 1538 2345 1572 7

343 1634 560 1644 .......
656 1606 703 1642 id.
730 1633 737 1642 .
764 1633 771 1640 .
802 1633 808 1640 .
836 1633 843 1640 .
872 1634 877 1640 .
1039 1618 1090 1651 pp
1142 1635 1148 1642 .
1177 1634 1184 1642 .
1212 1635 1220 1642 .
1247 1634 1254 1643 .
1282 1634 1289 1642 .
1524 1605 1687 1642 Maximo
1706 1606 1847 1642 vicario
1862 1606 2026 1643 Orientis
2078 1607 2168 1657 Iust.
2188 1608 2239 1650 11,
2254 1608 2309 1648 50,
2326 1607 2344 1641 1

343 1702 872 1715 ..............
1035 1689 1111 1712 acc.
1526 1676 1746 1722 Capestrino
2080 1677 2171 1713 Iust.
2190 1678 2243 1719 11,
2258 1677 2313 1720 59,
2329 1678 2347 1711 1

346 1772 1293 1783 ......................
1526 1745 1727 1781 Dracontio
2080 1747 2168 1782 Iust.
2188 1748 2242 1788 11,
2255 1746 2310 1788 62,
2324 1746 2347 1781 2

1043 1842 1292 1850 ········

1042 1911 1292 1921 nnnnnnnn

1527 1815 1746 1851 Constantio
1771 1822 1839 1862 ppo

1524 1884 1698 1920 Ianuario
1716 1884 1846 1921 comiti
1861 1883 2024 1920 Orientis

1525 1953 1729 1989 Volusiano
1754 1960 1822 1999 ppo

2078 1816 2168 1851 Iust.
2187 1817 2241 1858 11,
2254 1816 2309 1859 68,
2325 1817 2343 1850 1

2076 1885 2165 1921 Iust.
2187 1886 2240 1928 11,
2254 1885 2309 1927 68,
2323 1885 2346 1920 2

2076 1954 2166 1990 lust.
2187 1954 2240 1997 12,
2255 1955 2286 1998 1,
2299 1953 2321 1988 2

337 3242 403 3277 337

337 3311 403 3346 337

549 2165 716 2214 ΙΜΡΡ.
745 2165 1185 2214 CONSTANTIVS
1222 2166 1303 2214 ET
1341 2166 1672 2214 CONSTANS
1697 2166 1803 2214 AA.
1840 2167 1935 2214 337
1964 2165 2005 2212 V
2029 2165 2094 2214 id.
2123 2165 2260 2226 Sept.
2280 2191 2349 2198 —

690 2246 790 2294 350
825 2247 917 2293 XV
953 2247 998 2294 k.
1026 2247 1145 2296 Feb.

527 2360 591 2392 Per
617 2369 726 2392 annos
751 2358 872 2392 deinde
897 2357 1089 2392 337-340
1114 2360 1217 2393 simul
1242 2360 1466 2403 regnantibus
1490 2360 1571 2392 filiis
1595 2360 1705 2392 tribus
1730 2360 1978 2393 Constantinus
2002 2359 2252 2392 administravit
2275 2359 2346 2392 Bri-

408 2418 564 2451 tanniam
601 2417 734 2450 Gallias
772 2417 977 2459 Hispanias,
1016 2418 1184 2450 Constans
1221 2418 1399 2461 Illyricum
1431 2418 1565 2451 Italiam
1591 2419 1758 2459 Africam,
1796 2418 2016 2450 Constantius
2052 2418 2200 2450 Pontum
2226 2417 2345 2450 Asiam

409 2474 580 2506 Orientem
598 2475 808 2516 Aegyptum3
836 2473 983 2506 Thracia
1006 2485 1083 2506 cum
1102 2475 1397 2518 Constantinopoli
1422 2475 1478 2507 eui
1505 2475 1652 2516 cesserit,
1678 2475 1866 2515 dubitatur,
1892 2476 1921 2507 si
1938 2475 2075 2518 quidem
2093 2479 2127 2508 et
2145 2475 2219 2517 ipsa
2234 2474 2346 2507 divisa

409 2538 475 2572 est;
502 2536 593 2564 certe
617 2531 818 2574 scrupulum
843 2536 966 2570 movet,
993 2532 1082 2574 quod
1106 2543 1166 2574 per
1183 2543 1214 2565 a.
1232 2530 1416 2565 338—345
1440 2532 1570 2565 nullam
1587 2533 1754 2566 habemus
1779 2533 2057 2566 constitutionem
2081 2533 2242 2565 emissam
2258 2533 2345 2565 Con-

409 2589 642 2631 stantinopoli.
691 2589 880 2621 Cuiusnam
906 2589 1118 2631 imperatoris
1144 2590 1278 2632 proprie
1302 2590 1460 2632 singulae
1485 2590 1745 2623 constitutiones
1771 2590 1856 2632 sint,
1886 2591 2028 2633 agnosci
2052 2601 2121 2623 non
2145 2594 2256 2633 potest
2278 2590 2345 2622 nisi

409 2657 452 2678 ex
477 2646 551 2678 loco
576 2646 766 2678 emissionis
791 2650 824 2678 et
857 2657 900 2678 ex
925 2647 1146 2688 magistratu,
1180 2657 1258 2679 cum
1292 2647 1474 2680 habuerint
1508 2658 1626 2680 omnes
1650 2648 1717 2680 tria
1751 2648 1890 2680 nomina
1913 2647 2016 2680 simul
2040 2648 2268 2691 praescripta,
2301 2657 2345 2680 ex

410 2704 536 2746 quibus
561 2708 677 2736 tamen
692 2704 909 2736 Constantini
936 2716 1058 2738 nornen
1083 2705 1159 2748 lege
1184 2705 1357 2737 sublatum
1376 2711 1436 2747 est,
1462 2706 1658 2738 Constantis
1676 2716 1776 2748 saepe
1800 2706 2077 2749 praetermissum
2096 2715 2187 2737 mera
2210 2704 2345 2737 incuria.

408 2761 593 2803 eademque
617 2761 753 2794 incuria
768 2761 896 2804 passim
915 2762 1069 2794 additum
1096 2767 1170 2805 post
1187 2767 1343 2803 mortem;
1370 2774 1432 2795 nos
1457 2763 1502 2796 ab
1528 2774 1559 2796 a.
1574 2762 1639 2796 337
1665 2763 1709 2796 ad
1725 2773 1756 2796 a.
1770 2762 1837 2796 361
1855 2763 2159 2796 constitutionibus
2175 2763 2228 2804 iis,
2254 2772 2343 2804 quae

408 2819 539 2851 habent
562 2819 702 2852 nomina
728 2819 917 2852 Constantii
942 2824 975 2852 et
1000 2820 1193 2852 Constantis
1217 2819 1448 2861 (Constantini
1474 2821 1507 2852 Π
1531 2831 1704 2863 nusquam
1729 2821 1914 2861 remansit),
1946 2821 2084 2864 signum
2110 2820 2135 2862 ss
2163 2819 2342 2863 adscripsi—

408 2887 496 2909 mus.
527 2895 571 2899 —
603 2877 719 2910 Huius
747 2878 829 2910 anni
855 2875 922 2910 337
948 2878 1146 2910 constitutio
1172 2878 1254 2910 data
1278 2877 1543 2910 Thessalonicae
1573 2878 1673 2911 cuius
1698 2879 1757 2920 sit,
1789 2890 1832 2911 ex
1861 2878 1936 2912 loco
1961 2878 2095 2911 definiri
2124 2889 2194 2910 non
2218 2881 2341 2921 potest,

407 2944 486 2966 cum
512 2934 714 2967 Macedonia
739 2935 796 2967 cui
821 2935 961 2968 cesserit
986 2936 1193 2978 ignoremus.
1243 2936 1412 2975 Secunda,
1443 2935 1479 2968 ni
1510 2936 1638 2968 fallunt
1667 2937 1809 2976 tradita,
1836 2936 2052 2970 Constantini
2077 2936 2111 2968 Π
2135 2935 2178 2969 sit
2202 2945 2340 2968 necesse

411 2996 463 3023 est
487 2997 625 3034 recepta
649 3003 710 3035 per
735 3003 881 3025 errorem
907 2993 1177 3036 compilatorum.

409 3130 489 3170 337
521 3126 844 3171 FELICIANO
876 3128 952 3171 ΕΤ
985 3128 1230 3172 TITIANO
1265 3128 1460 3172 GONSS.

647 3242 735 3277 VIII
761 3243 810 3279 id.
829 3244 913 3280 Dec.

647 3312 740 3358 prid.
759 3313 808 3348 id.
828 3314 910 3349 Dec.

2061 3246 2114 3288 11,
2131 3245 2200 3289 1,4

1509 3313 1668 3359 Egnatio
1694 3313 1872 3349 Faustino
1897 3325 2000 3359 prae·
2063 3313 2198 3355 11.9‚2

1555 3371 1625 3406 sicli
1652 3371 1829 3407 Baeticae

1025 3244 1312 3280 Thessalonicae

1508 3270 1759 3280 ........
