2485 3615
1132 102 1380 141 -XC-

571 210 623 253 12,
644 210 685 245 18
709 209 806 246 rubr.
832 209 863 245 si
887 209 1036 245 curialis
1059 209 1184 244 relicta
1208 208 1348 243 civitate
1373 218 1437 243 rus
1461 208 1620 243 habitare
1643 207 1805 243 malueiit
1829 210 1868 244 et
1892 208 1916 244 l.
1934 209 1955 244 2

568 268 620 311 13,
640 268 661 303 3
684 269 782 303 rubr.
809 267 851 302 de
875 267 1018 301 medicis
1041 270 1072 301 et
1090 266 1356 311 professoribus
1382 267 1419 300 et
1444 265 1468 299 1.
1487 265 1508 299 3

637 327 659 360 4
682 326 780 360 rubr.
807 325 850 359 de
875 325 1096 359 eoecusatione
1120 323 1298 366 artificum
1322 324 1360 358 et
1385 323 1408 357 1.
1426 324 1447 357 2

616 383 658 417 10
683 382 763 427 (sub
787 382 885 417 rubr.
911 381 954 415 de
979 391 1088 415 censu
1111 380 1180 415 sire
1204 380 1460 425 adscriptione)
1485 380 1508 415 l.
1527 379 1558 415 3.
1584 380 1606 414 6

616 440 654 474 11
682 439 779 474 rubr.
806 438 847 472 de
869 437 1098 472 censitoribus
1123 440 1155 472 et
1171 437 1493 481 peraequata-ibus
1517 440 1548 471 et
1572 437 1846 481 inquisitoribus
1871 439 1909 472 et
1933 438 1957 472 I.
1976 439 1997 471 5

569 497 620 538 14,
642 496 682 530 18
708 496 803 530 rubr.
832 495 872 529 de
895 493 1178 529 mendicantibus
1201 499 1233 529 et
1257 494 1427 529 invalidis
1452 497 1490 530 et
1515 494 1537 529 1.
1559 496 1575 529 1

570 554 621 593 15,
643 554 658 587 1
687 553 768 596 (sub
792 552 890 587 rubr.
915 551 957 586 de
981 552 1141 596 operibus
1159 551 1325 596 publicis)
1349 552 1374 587 l.
1392 553 1412 586 7

617 610 659 644 14
684 610 765 653 (sub
785 609 882 644 rubr.
902 608 943 643 de
959 608 1187 651 infirmandis
1202 609 1257 643 his
1273 620 1364 653 quae
1384 609 1448 643 sub
1464 608 1633 654 tyrannis
1654 611 1720 643 aut
1742 608 1904 643 barbaris
1922 612 2016 652 qesta
2032 611 2132 654 sunt)
2149 609 2173 644 l.
2187 609 2220 644 9.

294 689 445 724 Librum
464 689 549 723 XVI
567 688 605 723 in
623 688 749 724 codice
774 688 830 724 ita
855 688 1066 724 ordinatum
1092 699 1169 724 esse
1195 692 1238 724 ut
1262 689 1453 724 ordinatur
1477 688 1515 723 in
1540 687 1647 722 libris
1672 699 1783 733 supra
1800 687 2002 724 nominatis
2019 688 2222 724 laterculus

294 746 466 782 ostendit.
492 766 534 770 —
560 746 617 780 Ad
643 747 675 788 4,
693 746 748 789 22,
765 747 788 780 4
812 758 908 791 quae
933 746 1049 781 habet
1074 746 1236 792 epitome
1263 745 1355 782 alibi
1381 757 1454 781 11011
1479 747 1645 790 reperta,
1675 744 1753 779 sine
1785 744 1897 781 dubio
1927 744 2095 781 insiticia
2124 748 2221 781 sunt.

408 814 577 859 Quinque
603 814 643 849 hi
668 814 756 850 libri
773 815 922 850 EYDO
941 818 977 851 et
995 815 1158 861 epitome
1175 815 1344 851 Parisina
1367 814 1550 859 quomodo
1567 812 1750 849 Breviarii
1774 813 1911 848 librum
1927 813 2016 849 XVI
2040 813 2221 856 auxerint,

295 874 476 907 monstrat
498 872 630 907 tabula
653 872 833 908 subiecta.
873 873 1029 908 Numeri
1046 873 1354 908 constitutionum
1379 872 1479 907 intra
1505 871 1690 906 cancellos
1715 869 1829 915 positi
1848 869 2083 916 distinguunt
2099 882 2224 916 recep-

293 934 350 966 tas
376 929 414 964 in
439 928 665 965 breviarium
674 943 682 972 ;
707 930 876 966 rubricae
902 930 1002 966 iutra
1027 930 1214 966 cancellos
1239 930 1384 976 positae
1410 929 1447 964 in
1473 929 1570 965 libro
1595 940 1637 964 eo
1663 928 1708 964 de
1733 939 1806 972 quo
1831 927 1957 973 agitur
1982 928 2168 965 deficiunt.

88 1032 347 1077 Epor-ediensis
364 1033 408 1068 35
423 1048 464 1061 =
481 1032 522 1067 Ε
537 1033 633 1076 (011111

111 1091 309 1135 Rosnyano
335 1091 372 1124 et
394 1089 507 1125 Paris.
523 1090 613 1125 4406

294 1163 336 1177 =
355 1148 372 1167 ἐ
374 1147 428 1192 Ε)

90 1287 105 1320 l
136 1285 179 1320 de
207 1285 387 1330 episcopis
412 1284 575 1320 ecclesiis
600 1286 638 1319 et

136 1342 278 1377 clericis

159 1401 212 1444 16,
228 1400 259 1443 2,
276 1399 336 1444 [2].
356 1400 438 1445 [12].
457 1400 539 1444 [23].
555 1400 636 1445 [35].

160 1457 242 1502 [39].
280 1456 403 1501 [44].1)
443 1458 472 1492 1.
502 1457 637 1492 3-11.

158 1513 304 1549 13-22.
325 1514 472 1549 24-34.
491 1515 639 1550 36-38.

157 1572 316 1606 40-43,
342 1572 500 1607 45—47.

90 1629 124 1662 Il
155 1628 199 1663 de
225 1628 296 1663 fide
323 1628 507 1663 catholica

161 1687 213 1729 16,
230 1687 258 1727 1,
276 1686 364 1720 1-4

92 1744 144 1778 ΙΙΙ
177 1743 222 1777 de
247 1743 437 1778 monachis

160 1801 213 1842 16,
227 1801 258 1842 3,
274 1802 304 1835 1.
323 1801 344 1834 2

92 1859 163 1893 IIII
194 1858 239 1892 de
264 1857 321 1892 his
340 1858 403 1902 qui
429 1868 537 1902 super
556 1857 640 1892 reli-

138 1915 248 1960 gione
273 1915 504 1950 contendunt

164 1973 371 2017 16,4,1-6

94 2031 125 2065 V
156 2030 200 2065 cle
226 2029 423 2065 haereticis

163 2088 216 2131 16,
230 2088 262 2130 5,
279 2088 390 2122 1-66

95 2145 144 2179 VI
170 2156 216 2180 ne
230 2146 399 2179 sanctum
415 2144 642 2189 baptismum

162 2202 317 2238 iteretur

164 2261 217 2304 16,
231 2260 263 2301 6,
279 2259 367 2294 1-7

96 2317 178 2362 [VII
210 2317 255 2352 de
282 2317 476 2362 apostatis]

164 2376 218 2419 16,
233 2375 263 2417 7,
279 2375 367 2409 1-7

98 2432 198 2477 [VIII
230 2431 274 2465 de
292 2431 438 2466 Iudaeis
457 2431 643 2467 caelicolis

143 2491 180 2523 et
205 2488 461 2534 Samaritanis]

166 2546 391 2590 16,8,1-28

99 2603 218 2648 [VIIII
230 2615 274 2638 ne
283 2603 532 2638 Christianum
543 2614 643 2637 man-

143 2661 280 2706 cipium
306 2660 462 2695 Iudaeus
491 2660 643 2705 habeat]

169 2720 221 2761 16,
234 2720 264 2761 9,
281 2719 370 2753 1—5

99 2775 143 2820 [X
176 2776 220 2810 de
250 2775 425 2821 paganis,
459 2775 645 2810 sacrificiis

144 2836 181 2868 et
205 2833 368 2878 templis]

168 2892 220 2934 16,
237 2890 288 2932 10,
305 2891 417 2926 1-25

668 3097 672 3163 Ι

783 1034 950 1069 Parisina
978 1035 1141 1080 epitome

852 1091 929 1127 cod.
950 1092 993 1126 10
1001 1092 1066 1127 753

686 1286 701 1319 I
735 1286 780 1321 de
804 1286 875 1321 fide
900 1287 1084 1321 catholica

755 1344 808 1387 16,
823 1345 854 1388 1,
868 1344 889 1378 3

686 1401 720 1435 ΙΙ
751 1401 796 1435 de
814 1401 996 1446 episcopis
1018 1400 1180 1435 ecclesiis
1199 1401 1236 1434 et

733 1458 874 1493 clericis

756 1516 810 1560 16,
824 1516 856 1560 2,
871 1515 931 1560 [2].
950 1515 1031 1561 [12].
1053 1515 1135 1560 [23].
1152 1514 1235 1559 [34].

758 1573 839 1618 [39].
854 1573 973 1618 [44].1.
983 1573 1069 1617 2(Ῥ).
1083 1573 1114 1607 3.
1124 1573 1155 1606 4.
1165 1572 1236 1606 8.9.

760 1630 813 1665 10.
830 1632 882 1666 14.
898 1631 951 1665 16.
967 1631 1019 1665 19.
1034 1630 1089 1664 20.
1109 1630 1164 1664 26.
1181 1629 1237 1663 29.

756 1688 810 1722 30.
828 1687 884 1722 31.
901 1687 957 1722 34.
975 1687 1029 1722 38.
1047 1687 1102 1721 40.
1120 1687 1175 1721 41.
1193 1686 1237 1720 47

688 1744 741 1778 III
773 1744 818 1778 cle
843 1744 900 1778 his
926 1744 990 1788 qui
1021 1754 1130 1789 super
1153 1743 1238 1778 reli-

734 1801 845 1847 gione
871 1801 1103 1836 contendunt

760 1860 812 1904 16,
828 1859 859 1903 4,
875 1859 896 1893 2

690 1916 760 1950 IIII
791 1927 838 1950 ne
863 1918 1031 1951 sanctum
1054 1915 1240 1960 baptisma

735 1974 891 2009 iteretur

759 2032 812 2075 16,
828 2033 859 2074 6,
873 2032 896 2066 4

690 2088 722 2123 V
747 2088 792 2123 de
817 2090 1000 2134 apostatis

761 2148 814 2188 16,
829 2147 860 2191 7,
876 2146 934 2191 [3].
956 2147 1030 2191 1(?)

691 2204 757 2248 (VI
787 2204 920 2248 deficit)

690 2261 760 2296 VII
790 2262 834 2296 de
860 2261 994 2304 Iudeis,
1021 2262 1182 2297 celicolis
1203 2263 1240 2296 et

737 2319 981 2355 Samaritanis

762 2377 814 2420 16,
828 2378 858 2421 8,
874 2379 904 2412 1.
921 2377 977 2422 [5].
999 2376 1057 2422 [7].
1076 2378 1108 2412 6.
1125 2377 1171 2412 28

691 2434 779 2469 VIII
805 2446 851 2469 110
869 2434 1118 2470 Christianum
1136 2444 1240 2468 man-

738 2492 876 2537 cipium
890 2492 1048 2526 Iudaeus
1061 2491 1148 2526 abia
1162 2491 1240 2536 (sic)

762 2550 815 2591 16,
829 2550 860 2592 9,
877 2549 938 2594 [1].
955 2549 986 2584 2.
1004 2549 1025 2583 3

692 2607 797 2642 VIIII
830 2606 875 2641 de
899 2605 1073 2651 paganis,
1105 2605 1240 2640 sacrifi-

738 2663 804 2698 ciis
829 2665 868 2698 et
891 2663 1040 2708 templis

762 2721 816 2763 16,
832 2720 886 2763 10,
899 2720 941 2754 21

1283 1033 1828 1078 Berofinenfflsfufinipps174l
1884 1015 1885 1018 ’

1284 1108 1326 1121 =
1348 1092 1386 1126 Y
1411 1095 1509 1136 (cum
1530 1092 1616 1126 Vat.
1635 1102 1710 1136 reg.
1730 1091 1833 1136 1283)

1284 1148 1832 1194 etParisinusSangerm.12445

1505 1222 1547 1235 =
1571 1206 1610 1241 D

1284 1287 1299 1320 I
1332 1286 1378 1321 (le
1403 1287 1473 1322 fide
1499 1286 1684 1322 catholica

1354 1344 1408 1387 16,
1424 1345 1454 1386 1,
1468 1345 1500 1380 2.
1519 1345 1540 1379 3

1285 1401 1319 1434 II
1350 1401 1396 1435 de
1414 1401 1596 1447 episcopis
1616 1399 1778 1436 ecclesiis
1797 1400 1835 1434 et

1331 1458 1473 1494 clericis

1355 1517 1408 1560 16,
1422 1516 1454 1558 2,
1470 1515 1530 1561 [2].
1550 1514 1631 1561 [12].
1652 1514 1733 1559 [23].
1751 1513 1834 1559 [35].

1356 1573 1424 1618 [39]
1443 1574 1523 1616 (int.
1538 1583 1603 1608 om.
1616 1573 1702 1608 Par.
1701 1575 1731 1617 ).
1751 1572 1834 1618 [44].

1355 1632 1385 1666 1.
1409 1630 1430 1664 2
1457 1630 1590 1673 (denuo
1619 1629 1835 1674 additurque

1354 1687 1394 1721 in
1441 1688 1622 1733 mam-ine:
1678 1687 1837 1722 iteratur

1355 1745 1447 1779 haec
1472 1745 1682 1790 sententia).
1703 1745 1736 1780 3.
1753 1745 1785 1779 4.
1803 1745 1835 1780 8.

1359 1802 1411 1836 10.
1440 1802 1491 1836 14.
1521 1803 1574 1837 16.
1608 1803 1661 1838 19.
1692 1803 1749 1838 20.
1780 1803 1836 1838 26.

1356 1859 1411 1894 29.
1436 1859 1492 1894 30.
1522 1860 1577 1894 31.
1609 1860 1664 1894 34.
1696 1860 1751 1895 36.
1781 1860 1835 1894 38.

1355 1917 1410 1951 40.
1438 1917 1493 1951 41.
1517 1916 1561 1950 47

1290 1973 1338 2008 ΙΙΙ
1376 1973 1421 2008 de
1444 1973 1502 2008 his
1527 1973 1592 2017 qui
1618 1985 1728 2019 super
1751 1974 1835 2009 reli-

1334 2031 1446 2076 gione
1471 2031 1703 2066 contendunt

1358 2088 1490 2132 16,4,2

1289 2145 1360 2180 IIII
1393 2146 1438 2180 de
1463 2145 1636 2180 hereticis

1359 2204 1412 2246 16,
1427 2205 1458 2247 5,
1475 2204 1504 2238 1.
1523 2204 1554 2238 4.
1573 2203 1628 2238 51.
1643 2203 1698 2238 52.
1711 2202 1766 2238 53.
1780 2203 1836 2237 60.

1357 2261 1411 2296 59.
1429 2261 1474 2296 63
1485 2262 1513 2306 ²)

1289 2317 1321 2353 V
1359 2329 1405 2353 ne
1442 2320 1609 2353 sanctum
1650 2318 1838 2363 baptisma

1334 2375 1490 2411 iteretur

1359 2434 1412 2475 16,
1426 2434 1458 2474 6,
1473 2433 1533 2477 4²)

1288 2490 1338 2525 VI
1371 2491 1416 2526 de
1441 2490 1624 2536 apostatis

1359 2548 1411 2590 16,
1426 2549 1457 2590 7,
1473 2548 1507 2592 [3
1524 2547 1602 2593 int]
1620 2550 1635 2583 1

1289 2606 1358 2641 VII
1394 2605 1439 2641 de
1470 2605 1616 2640 Iudaeis
1652 2605 1837 2641 caelicolis

1335 2665 1372 2699 et
1397 2663 1641 2698 Samaritanis

1985 1032 2204 1068 Oxoniensis
2230 1048 2272 1062 =
2296 1032 2326 1068 Ο

1881 1283 1897 1317 Ι
1928 1282 1974 1318 de
1998 1283 2069 1319 fide
2095 1284 2281 1319 catholica

1953 1341 2006 1383 16,
2023 1341 2099 1382 1,2.
2114 1341 2136 1376 3

1882 1398 1916 1432 ΙΙ
1948 1398 1994 1433 de
2023 1398 2083 1434 his
2107 1399 2172 1443 qui
2205 1409 2314 1444 super
2347 1398 2432 1433 reli-

1927 1455 2039 1501 gione
2063 1456 2295 1492 contendunt

1952 1514 2088 1556 16,4,2

1882 1570 1935 1604 III
1969 1570 2014 1606 de
2044 1571 2243 1617 episcopis,
2279 1569 2432 1615 clericis,

1929 1627 2093 1663 ecclesiis

1953 1686 2007 1731 16,
2023 1687 2055 1729 2,
2071 1686 2132 1732 [2].
2157 1686 2238 1732 [12].
2265 1685 2347 1731 [23].
2373 1684 2433 1730 [35

1951 1746 2046 1779 auct.
2056 1753 2100 1779 εει·
2110 1742 2269 1788 Sirm.2].
2285 1742 2391 1778 Sirm.
2399 1743 2432 1779 3.

1953 1799 2035 1845 [39].
2055 1800 2139 1847 [44].
2165 1801 2197 1836 1.
2220 1801 2252 1836 3.
2271 1801 2302 1836 4.
2329 1801 2361 1835 8.
2382 1800 2435 1836 10.

1955 1857 2009 1892 14.
2037 1859 2090 1893 16.
2122 1859 2176 1894 19.
2208 1858 2263 1894 20.
2293 1858 2349 1893 26.
2379 1858 2435 1893 29.

1952 1914 2007 1950 30.
2032 1916 2086 1951 31.
2117 1916 2172 1951 34.
2203 1916 2257 1951 36.
2288 1916 2343 1951 38.
2376 1916 2433 1953 40.

1953 1972 2009 2008 41.
2035 1972 2142 2009 Sirm.
2163 1974 2193 2008 1.
2210 1973 2232 2008 6

1885 2028 1957 2063 IIII
1987 2029 2033 2064 de
2058 2030 2230 2066 hereticis

1955 2089 2009 2130 16,
2023 2089 2055 2129 5,
2070 2089 2100 2123 1.
2118 2089 2150 2123 4.
2167 2089 2222 2124 51.
2240 2088 2285 2123 63

1885 2146 1916 2181 V
1948 2145 1993 2180 de
2017 2145 2224 2180 Donatistis

1954 2204 2008 2245 16,
2022 2204 2054 2245 5,
2068 2202 2114 2239 52

1960 2261 2090 2304 ffia4

1885 2318 1935 2354 VI
1969 2317 2015 2353 de
2040 2317 2234 2353 Ioviniano

1955 2376 2009 2419 16,
2023 2376 2055 2418 5,
2069 2376 2115 2411 53

1886 2433 1955 2469 VII
1993 2433 2038 2468 de
2075 2431 2356 2468 Eunominianis
2397 2431 2436 2467 et

1932 2490 2064 2526 ceteris

1956 2549 2009 2591 16,
2023 2549 2056 2590 5,
2069 2547 2116 2582 60

1885 2606 1973 2641 VIII
2004 2604 2050 2640 de
2074 2603 2279 2640 Manicheis

1954 2663 2009 2707 16,
2022 2662 2054 2705 5,
2069 2662 2113 2698 59

1358 2721 1462 2763 16,8,
1482 2721 1511 2756 1.
1539 2720 1599 2766 [5].
1627 2720 1685 2766 [7].
1716 2721 1747 2756 6.
1783 2721 1837 2757 16.
1886 2720 1993 2757 VIIII
2025 2719 2071 2755 de
2096 2719 2279 2765 apostatis

1358 2779 1413 2813 27.
1438 2778 1483 2813 28

1956 2777 2173 2823 101011

1290 2835 1377 2870 VIII
1407 2846 1453 2870 ne
1471 2834 1721 2870 Christianum
1739 2846 1838 2869 man·
1887 2835 1920 2870 X
1951 2835 1996 2870 de
2021 2834 2144 2870 Iudeis

1337 2892 1475 2938 cipium
1493 2892 1650 2927 Iudaeus
1677 2891 1816 2927 habeat

1360 2951 1414 2991 16,
1428 2950 1459 2992 9,
1477 2948 1534 2994 [1].
1552 2949 1583 2984 2.
1602 2951 1624 2984 5

1290 3006 1398 3041 VIIII
1437 3007 1481 3041 de
1516 3007 1690 3052 paganis,
1729 3007 1839 3042 saeri-

1337 3064 1429 3100 ficiis
1455 3065 1492 3099 et
1517 3063 1668 3109 templis

1362 3123 1415 3164 16,
1431 3123 1484 3164 10,
1504 3122 1554 3156 10.
1572 3122 1615 3156 21

1958 2895 2011 2938 16,
2023 2893 2056 2935 8,
2068 2894 2099 2928 1.
2113 2892 2175 2937 [5].
2191 2891 2250 2937 [7].
2263 2892 2295 2927 6.
2310 2891 2363 2926 16.
2378 2891 2434 2926 26.

1955 2951 2012 2986 27.
2029 2950 2075 2986 28

1953 3009 2006 3051 16,
2020 3009 2051 3051 9,
2066 3008 2089 3043 2

1883 3065 1934 3100 ΧΙ
1964 3065 2010 3100 de
2033 3063 2191 3111 paganis

1951 3123 2005 3166 16,
2021 3122 2074 3166 10,
2090 3122 2143 3157 10.
2160 3121 2204 3156 21

424 3258 449 3299 ¹)
478 3259 530 3301 16,
545 3258 576 3302 2,
590 3259 644 3294 44.
669 3260 698 3293 1.
716 3260 827 3294 3—5.
845 3261 866 3295 6
892 3262 947 3303 (ex
972 3262 1092 3306 parte).
1115 3261 1145 3296 7.
1169 3261 1190 3295 8
1214 3262 1271 3303 (ex
1296 3262 1403 3305 parte)
1429 3261 1592 3294 deficiunt
1616 3261 1650 3293 in
1674 3261 1827 3294 Parisino
1851 3261 1931 3295 folio
1955 3260 1977 3295 6
2001 3253 2124 3295 180010.

422 3316 450 3357 ²)
477 3316 530 3357 16,
545 3316 575 3359 5,
590 3316 634 3350 60
648 3317 747 3361 (fiir).
761 3317 815 3351 59.
830 3317 874 3352 63
891 3324 925 3352 et
944 3319 996 3362 16,
1011 3319 1042 3362 6,
1055 3321 1076 3353 4
1094 3321 1128 3352 111
1146 3321 1301 3354 Parisino
1326 3320 1562 3352 desiderantur
1578 3318 1658 3352 folio
1683 3319 1771 3352 inter
1788 3321 1810 3352 f.
1827 3317 1894 3352 192
1910 3323 1944 3352 et
1962 3317 2027 3352 193
2043 3318 2227 3363 deperdito.
