2517 3615
1176 130 1429 168 ——XII—

346 248 442 282 solus
468 246 581 281 codex
606 244 640 279 T
658 243 725 278 sic:
755 233 873 277 Theo-[l
896 239 1187 275 constitutionum
1211 236 1266 270 lib.
1289 235 1401 278 XVI,
1435 232 1667 269 subscribens
1692 234 1886 278 praeterea
1910 229 2026 267 indici
2051 231 2262 267 titulorum:

346 304 442 339 tituli
465 303 544 337 cliui
569 302 650 345 (sic)
672 298 923 346 Theoclosiani,
950 297 1047 342 quod
1072 294 1135 340 qui
1161 292 1320 338 scripsit,
1347 293 1536 326 auctorem
1561 290 1724 335 corporis
1748 289 1900 335 putavit
1928 300 2000 323 non
2018 287 2264 324 Theodosium

349 374 436 403 esse,
462 361 526 396 sed
542 356 851 394 Theodosianum.
893 351 1057 398 Singulis
1074 349 1180 385 libris
1207 348 1351 383 codices
1377 349 1443 382 aut
1467 347 1585 382 solum
1611 358 1802 382 numerum
1824 345 2070 388 subscribunt,
2095 348 2139 380 ut
2162 345 2204 381 fit
2228 345 2266 379 in

348 419 474 454 codice
491 417 536 458 R,
562 416 653 451 item
670 414 710 449 in
727 414 796 448 fine
815 410 1043 456 quorundam
1060 408 1238 442 librorum
1255 404 1293 439 in
1312 403 1437 439 codice
1460 403 1499 447 V,
1526 405 1590 438 aut
1610 402 1771 438 adicitur
1787 415 1900 438 unum
1918 402 2140 438 vocabulum
2159 402 2267 436 Theo-

348 475 497 516 dosiani,
522 474 564 508 ut
580 473 720 507 factum
739 472 794 505 est
811 469 849 503 in
869 466 994 503 codice
1013 465 1046 499 T
1058 464 1105 498 ad
1122 464 1231 498 finem
1247 461 1426 497 librorum
1444 462 1624 505 (excepto,
1650 462 1693 494 ut
1711 459 1851 494 dictum
1873 461 1939 501 est,
1964 461 2152 503 extremo),
2178 459 2268 495 item

348 532 386 566 111
405 530 529 566 codice
546 529 577 564 V
599 528 637 563 in
654 528 723 563 fine
744 526 921 561 librorum
939 520 1178 566 quorundam.
1219 517 1386 562 Denique
1409 517 1447 552 in
1464 515 1646 552 Breviarii
1671 517 1819 552 exordio
1839 516 2011 551 dicuntur
2027 527 2070 551 eo
2089 514 2270 550 contineri

347 590 447 633 ‘leyes
471 587 538 621 sive
561 585 683 629 species
707 583 797 617 iuris
821 581 862 615 de
884 578 1128 615 Theodosiano
1152 577 1205 611 vel
1228 575 1269 610 de
1294 575 1437 610 diversis
1462 574 1572 609 libris'
1596 575 1634 609 et
1659 572 1908 617 antiquissimi
1933 572 2071 618 quique
2088 571 2271 609 Breviarii

350 645 503 685 codices,
529 643 567 677 in
590 642 648 677 his
665 640 753 683 PM,
780 636 935 683 singulis
957 634 1063 670 libris
1080 645 1153 669 non
1170 632 1407 669 subscribunt
1423 631 1495 666 nisi
1520 632 1551 665 T
1551 630 1753 665 heodosiani
1777 629 1922 665 adiecto
1940 630 2035 665 libro
2054 633 2091 666 et
2109 640 2270 665 numero.

351 701 600 737 Librariorum
625 700 750 733 autem
774 706 851 730 esse
879 693 1051 728 videntur
1075 690 1105 726 si
1131 702 1205 735 qua
1229 689 1463 735 reperiuntur
1488 687 1762 728 additamenta,
1794 688 1837 721 ut
1862 687 2153 721 constitutionum
2179 685 2273 721 vidi-

351 771 429 793 mus
455 757 640 791 adiectum
666 765 742 789 esse
767 752 805 786 in
830 750 925 786 libro
948 749 980 783 T
1000 751 1173 789 extremo,
1200 750 1242 782 ut
1266 746 1305 781 in
1324 746 1368 780 H
1387 745 1559 781 similiter
1577 743 1835 780 Theodosiano
1860 742 2107 778 subscribitur
2131 743 2273 787 explicit

354 816 386 850 T
387 813 591 849 heodosiani
614 810 904 846 constitutionum
928 806 1019 849 liber,
1044 807 1087 840 ut
1111 805 1149 839 in
1168 805 1212 839 N
1230 804 1404 839 dicuntur
1422 802 1606 838 breviario
1633 799 1816 837 contineri
1841 800 1944 834 libelli
1968 810 2011 834 ex
2034 810 2177 844 corpore
2203 799 2275 834 clivi

359 872 390 907 T
391 869 591 906 heodosiani
614 868 695 911 (810)
722 866 803 901 libri
824 864 932 907 XVI,
958 863 997 897 111
1021 862 1051 897 Ο
1075 861 1342 907 praescribitur
1366 860 1540 896 rubricis:
1567 860 1749 903 incipiunt
1773 857 1936 902 capitula
1961 884 1969 891 .
1988 885 1995 892 .
2015 883 2023 891 .
2049 858 2158 901 legum
2183 858 2275 892 anti-

353 938 506 973 quarum
529 938 552 960 a
579 924 772 959 Theodosio
796 922 931 956 minore
956 920 1186 962 collectarum,
1211 917 1456 953 subscribitur
1480 917 1576 952 libro
1601 919 1805 962 postremo:
1832 914 1977 959 explicit
2001 914 2087 949 liber
2105 914 2146 948 X
2154 914 2276 960 V(sic)

357 984 542 1019 Theodosii
565 982 712 1017 minoris
737 980 779 1015 de
804 977 1069 1021 confirmatione
1093 977 1208 1020 leynm
1233 975 1475 1019 antiquarum.
1525 973 1670 1008 Similia
1694 972 1922 1016 reliquorum
1955 970 2122 1006 codicum
2154 971 2276 1007 relata

354 1043 390 1077 in
423 1053 546 1078 eorum
577 1051 727 1075 recensu
759 1038 828 1072 hoc
857 1037 939 1071 1000
970 1046 1043 1070 11011
1067 1033 1282 1079 repetimus.
1309 1053 1352 1057 —-
1378 1031 1695 1067 Constitutionum
1727 1030 1771 1064 de
1803 1028 1997 1063 formanda
2030 1027 2101 1063 hac
2134 1028 2276 1074 sylloge

354 1099 567 1134 emissarum
592 1096 692 1141 prior
717 1107 748 1130 a.
766 1094 833 1129 429
858 1092 1025 1138 loquitur
1055 1092 1099 1126 de
1126 1090 1346 1136 colligendis
1377 1089 1523 1134 legibus
1554 1088 1603 1122 ad
1627 1086 1893 1122 similitudinem
1922 1084 2137 1130 Greyoriani
2171 1089 2278 1130 atque

357 1153 636 1199 Herinoyeniani
665 1152 793 1187 codicis
823 1152 861 1186 et
893 1162 975 1185 mox
1007 1149 1051 1184 de
1083 1148 1141 1182 his
1164 1146 1366 1182 ‘codicibus'
1389 1145 1525 1187 tribus,
1561 1145 1681 1180 altera
1705 1155 1737 1179 a.
1755 1144 1824 1179 435
1856 1142 2026 1178 nominat
2056 1147 2276 1179 contemtores

354 1213 461 1248 haias
489 1209 720 1247 Theodosiani
751 1208 877 1243 codicis
908 1206 1008 1250 (hinc
1040 1205 1204 1251 pendent
1234 1203 1394 1239 isidorus
1425 1203 1514 1248 orig.
1539 1203 1570 1244 5,
1591 1202 1656 1244 1,7
1682 1204 1720 1237 et
1752 1200 1980 1236 Iustinianus
2014 1203 2128 1236 const.
2177 1201 2279 1238 Haec

356 1282 451 1315 quae
483 1266 688 1304 necessario
720 1266 835 1311 praef.
862 1268 899 1301 et
926 1263 1035 1300 Cordi
1065 1262 1171 1298 nobis
1198 1263 1230 1305 1)
1261 1261 1372 1306 idque
1403 1260 1525 1305 ipsum
1558 1262 1614 1295 est
1644 1259 1683 1293 in
1714 1258 1830 1304 gestis
1860 1270 1889 1294 c.
1910 1259 1949 1293 4:
1982 1259 2065 1303 leyit
2097 1268 2139 1292 ex
2171 1257 2282 1293 codiee

361 1326 606 1362 Theodosiano
631 1324 832 1368 eodemque
866 1321 1047 1357 vocabulo
1083 1319 1204 1355 utitur
1229 1317 1448 1354 constitutio
1474 1329 1505 1352 a.
1523 1316 1591 1352 438
1622 1328 1734 1361 supra
1764 1316 1885 1352 relata
1917 1316 1962 1351 de
1986 1315 2130 1361 sylloge
2160 1315 2282 1361 publi-

360 1384 477 1419 canda
509 1383 673 1425 itemque
699 1381 789 1416 data
823 1391 855 1414 a.
872 1379 941 1414 443
973 1379 1017 1413 de
1043 1375 1318 1422 exemplaribus
1351 1374 1429 1410 eius
1461 1373 1642 1409 faciendis
1668 1373 1811 1409 directa
1841 1373 1889 1408 ad
1920 1371 2282 1414 constitutionarios;

361 1440 516 1484 denique
541 1438 712 1474 novellae
738 1437 814 1483 legi
839 1448 871 1472 a.
888 1437 955 1471 447
979 1437 1078 1480 (nOV.
1098 1432 1299 1470 Theodosii
1318 1433 1353 1474 2)
1378 1431 1417 1466 111
1435 1430 1688 1466 Ottoboniano
1713 1430 1809 1465 libro
1835 1430 1886 1465 810
1911 1430 1986 1465 fere
2011 1429 2283 1474 praescriptum

360 1501 430 1534 est:
466 1497 509 1531 cle
538 1494 778 1530 Theodosiani
809 1493 938 1529 coelicis
967 1492 1177 1526 anctoritate
1209 1494 1240 1525 et
1271 1489 1314 1524 cle
1345 1489 1494 1533 leyibns,
1530 1498 1622 1532 quae
1653 1488 1747 1522 latae
1777 1490 1862 1522 sunt
1889 1490 1970 1531 post
1999 1487 2283 1522 Theodosianum

360 1555 431 1589 diri
452 1553 622 1588 Theodosi
645 1552 808 1596 Augusti.
856 1549 949 1596 Legi
965 1547 1222 1584 Valentiniani
1247 1547 1301 1582 III
1328 1559 1360 1581 a.
1378 1546 1445 1582 448
1471 1546 1566 1589 (nov.
1586 1544 1735 1580 Valent.
1760 1544 1819 1588 25)
1844 1543 2111 1589 praescribitur
2134 1543 2177 1579 de
2202 1554 2284 1579 con-

360 1612 557 1656 firmatione
586 1611 701 1654 leynm
735 1608 808 1643 diri
839 1609 1027 1652 (expectes
1062 1606 1211 1649 domini)
1241 1603 1434 1639 Theodosii
1465 1603 1623 1648 Augusti
1651 1612 1741 1646 qnae
1778 1602 1873 1636 latae
1903 1604 1987 1635 snnt
2019 1604 2099 1645 post
2127 1601 2285 1636 Theodo-

361 1670 524 1711 siannm,·
556 1667 654 1701 idem
685 1665 780 1701 citat
809 1675 935 1709 corpus
963 1663 1252 1698 Theodosiana-m
1280 1672 1362 1695 nov.
1386 1660 1441 1701 31,
1461 1661 1490 1694 1.
1514 1658 1559 1693 34
1584 1659 1698 1703 praef.
1754 1658 1787 1692 T
1787 1657 2021 1692 heodosianus
2045 1658 2129 1692 liber
2159 1660 2217 1694 est
2247 1657 2285 1693 in

364 1724 544 1761 chronicis
570 1722 724 1758 Gallicis
755 1734 786 1757 a.
810 1722 878 1756 452
913 1722 1002 1765 (chr.
1027 1719 1114 1754 min.
1143 1719 1159 1753 1
1195 1731 1229 1763 p.
1250 1718 1350 1762 600);
1390 1717 1421 1752 T
1422 1716 1658 1751 heodosianae
1688 1716 1775 1760 leyes
1809 1715 2051 1760 appellantur
2082 1726 2105 1750 a
2135 1714 2286 1751 Sidonio

363 1782 580 1828 Apollinare
606 1782 675 1825 (ep.
696 1780 730 1821 1,
753 1780 794 1824 1).
821 1799 863 1804 --
889 1779 931 1813 111
962 1776 1253 1822 allegationibus
1287 1775 1452 1820 syllogae
1485 1773 1586 1819 apud
1619 1773 1841 1818 posteriores
1874 1784 1946 1808 non
1980 1772 2288 1816 frequentissimis

368 1839 577 1875 dominatur
609 1836 881 1872 Theodosianns
904 1836 1015 1870 nude:
1047 1834 1103 1870 ita
1128 1833 1267 1869 citatur
1296 1832 1335 1867 111
1360 1830 1567 1877 appendice
1598 1830 1720 1876 priore
1757 1829 1933 1866 breviarii
1958 1832 2002 1874 (c.
2020 1830 2065 1865 20
2089 1831 2128 1865 et
2157 1829 2196 1865 in
2219 1830 2289 1865 fine

367 1897 466 1942 apud
483 1895 725 1940 Kruegerum)
750 1895 788 1929 et
812 1892 850 1927 in
876 1891 1042 1928 auctario
1069 1889 1377 1926 constitutionum
1396 1887 1737 1924 Sirmondianarum
1763 1887 1861 1930 (vide
1880 1886 1927 1921 ad
1955 1888 1983 1928 1,
1998 1887 2053 1929 27,
2070 1888 2103 1932 1)
2129 1889 2167 1924 et
2191 1888 2292 1933 apud

366 1955 567 1989 Iohannem
591 1952 734 1996 Lydum
764 1950 822 1986 bis
851 1951 894 1986 de
920 1962 1017 1996 mag.
1035 1950 1067 1991 2,
1085 1949 1140 1984 40.
1166 1948 1197 1990 3,
1216 1948 1262 1983 40
1288 1947 1366 1991 (ubi
1390 1947 1411 1980 ὁ
1436 1946 1547 1981 πάλαι
1574 1945 1812 1983 Θεοδοσιανός
1845 1944 2048 1990 opponitur
2071 1946 2122 1991 τῷ
2146 1945 2291 1991 νεαρῷ),

367 2023 450 2046 011111
478 2010 516 2044 111
542 2009 653 2045 tertio
680 2009 762 2044 loco
787 2008 819 2050 3,
839 2008 883 2043 23
916 2007 1063 2042 dicatur
1093 2006 1113 2040 ὁ
1138 2007 1251 2040 πάλαι
1278 2004 1516 2041 Θεοδοσιανός
1538 2003 1666 2047 κῶδιξ;
1695 2002 1786 2037 item
1816 2001 1855 2036 in
1879 2002 1963 2047 lege
1986 2001 2292 2048 Burgundionum

367 2068 533 2102 Romana
557 2066 712 2111 passim;
739 2065 829 2101 item
853 2065 893 2099 in
912 2063 1194 2100 Consultatione
1220 2061 1519 2105 8011101(6,7,3);
1545 2061 1674 2096 eodem
1697 2059 1804 2101 redit,
1829 2060 1928 2105 quod
1952 2059 2065 2095 semel
2089 2058 2230 2105 legitur
2254 2058 2292 2094 in

367 2125 450 2170 lege
475 2123 779 2170 Burgundionum
805 2122 917 2166 (1‚3)‚
949 2121 1040 2157 item
1067 2121 1167 2166 apud
1192 2118 1417 2166 gromaticos
1443 2122 1492 2163 (p.
1510 2118 1576 2153 267
1604 2117 1769 2161 Lachm.)
1794 2119 1832 2152 et
1858 2116 1998 2161 passim
2022 2115 2060 2151 in
2085 2115 2293 2162 appendice

369 2181 571 2227 posteriore
589 2180 767 2215 breviarii
787 2182 835 2225 (p.
850 2179 917 2214 260
930 2191 981 2223 sq.
1003 2179 1183 2224 Krueger)
1202 2179 1240 2212 et
1259 2177 1297 2211 in
1315 2175 1596 2212 Consultatione
1614 2186 1740 2219 eorpus
1756 2174 2001 2218 Theodosiani,
2026 2174 2166 2219 pariter
2181 2176 2294 2218 atque

369 2238 508 2284 passim
533 2237 717 2282 reperitur
733 2247 860 2281 eorpus
879 2237 935 2280 (=
955 2236 1140 2279 volumen)
1161 2235 1364 2278 Papiniani
1379 2234 1424 2277 (1,
1437 2234 1469 2269 4.
1482 2233 1527 2277 3),
1552 2243 1681 2277 corpus
1701 2232 1848 2275 Ulpiani
1871 2230 1990 2276 (inser.
2007 2233 2095 2267 ante
2119 2230 2294 2277 regulas),

369 2307 494 2340 corpus
514 2294 734 2338 Gregoriani,
760 2304 891 2338 corpas
908 2294 1125 2328 novellarum
1147 2291 1339 2326 Theodosii
1365 2294 1396 2326 et
1418 2290 1660 2325 Valentiniani
1678 2290 1752 2330 (lex
1769 2290 1879 2335 Burg.
1898 2289 1930 2332 2,
1944 2289 1980 2332 2)
1999 2291 2037 2324 et
2053 2291 2168 2334 negat
2184 2289 2296 2325 inter-

370 2365 453 2398 pres
479 2351 712 2387 Alaricianus
741 2351 803 2394 (ad
828 2351 896 2386 Th.
914 2352 942 2393 1,
959 2352 990 2393 4,
1006 2350 1042 2393 3)
1068 2349 1285 2385 Scaevolam
1310 2348 1476 2392 aliosque
1504 2347 1705 2393 prudentes
1732 2349 1899 2382 vetustos
1923 2347 1964 2380 in
1987 2346 2064 2381 sais
2086 2347 2297 2391 corporibus

372 2411 446 2445 iam
480 2408 649 2444 inveniri.
703 2407 837 2452 Corpus
868 2408 1159 2443 Theodosianum
1191 2407 1230 2441 111
1266 2404 1560 2452 allegationibus
1596 2416 1667 2440 non
1703 2403 1829 2439 inveni
1863 2403 1935 2438 nisi
1971 2404 2073 2449 apud
2104 2403 2297 2439 Theudem

372 2479 498 2512 regem
511 2465 807 2512 Wisigothorum
834 2465 868 2502 ei
893 2466 1015 2511 legem
1041 2476 1145 2500 8110111
1169 2464 1214 2499 de
1239 2463 1365 2499 litium
1389 2463 1560 2508 expensis
1585 2462 1822 2503 inserenten1;
1847 2473 1914 2497 nec
1931 2462 2050 2497 multo
2068 2460 2298 2506 frequentius

374 2525 558 2569 allegatur
579 2523 852 2558 Theodosianus
877 2523 985 2558 codem
1009 2522 1067 2557 vel
1092 2521 1202 2556 codem
1230 2521 1509 2564 Theodosianus,
1535 2519 1681 2555 scilicet
1706 2519 1744 2554 in
1769 2518 1922 2554 scholiis
1947 2517 2138 2554 Sinaiticis
2164 2519 2208 2562 (0.
2227 2519 2258 2553 2.
2277 2517 2298 2552 3

374 2581 551 2626 Krueger)
579 2583 616 2616 et
643 2580 743 2625 apud
769 2579 1011 2625 imperatores
1039 2577 1280 2614 Anthemium
1307 2579 1405 2622 (nov.
1423 2577 1459 2621 3)
1486 2580 1524 2613 et
1549 2576 1796 2612 Iustinianum
1821 2576 1922 2620 (Inst.
1941 2575 2018 2617 3,1,
2037 2576 2107 2620 15),
2140 2574 2298 2620 denique

375 2639 475 2683 apud
500 2638 699 2672 Iohannem
725 2638 867 2681 Lydum
898 2636 1010 2672 tertio
1043 2636 1125 2671 loco
1156 2635 1222 2671 illo
1255 2647 1367 2680 supra
1399 2634 1527 2670 citato.
1576 2633 1643 2668 His
1669 2633 1838 2678 expensis
1870 2632 2107 2678 intellegitur
2129 2632 2299 2679 legitimo

375 2707 442 2729 usu
468 2695 635 2740 syllogen
660 2693 867 2739 nuncupari
892 2694 969 2729 solo
988 2693 1168 2728 vocabulo
1186 2691 1448 2735 Theodosiani,
1473 2703 1558 2726 nam
1583 2691 1742 2726 alterum
1760 2689 1983 2726 vocabulum
2007 2691 2046 2725 et
2070 2701 2092 2725 a
2110 2688 2300 2725 codicibus

376 2752 542 2797 syllogae
568 2751 719 2797 optimis
745 2751 952 2796 quibusque
978 2751 1085 2786 abest
1111 2752 1149 2785 et
1174 2750 1281 2785 abest
1306 2748 1445 2794 passim
1471 2747 1586 2784 etiam
1610 2747 1649 2783 in
1675 2747 1977 2793 allegationibus.
2018 2746 2121 2782 Idem
2145 2746 2301 2782 fortasse

378 2808 523 2843 obtinet
554 2808 597 2842 de
623 2808 849 2854 Gregoriano
881 2811 919 2843 et
951 2807 995 2842 de
1025 2806 1337 2852 Hermogeniano,
1372 2817 1458 2841 nam
1489 2805 1548 2840 his
1573 2816 1718 2850 quoque
1751 2816 1863 2850 saepe
1895 2806 1994 2840 certe
2026 2802 2302 2839 substantivum

378 2865 519 2899 nullum
546 2864 778 2910 adiungitur3
811 2866 939 2899 contra
963 2863 1132 2909 legitime
1158 2863 1296 2898 dicitur
1321 2863 1435 2898 codex
1462 2861 1700 2898 Iustinianus.
1730 2882 1768 2887 —
1797 2861 1891 2897 Sane
1916 2860 2145 2906 syllogarum
2169 2859 2302 2895 harum

379 2921 588 2956 intitulatio
614 2921 687 2966 (egi
718 2922 762 2957 de
793 2933 836 2957 ea
868 2921 906 2956 in
931 2921 1165 2966 ephemeride
1192 2920 1431 2966 Savignyana
1457 2919 1526 2955 vol.
1549 2919 1590 2954 10
1617 2931 1651 2964 p.
1668 2919 1736 2953 345
1750 2918 1858 2963 seq),
1892 2916 1972 2952 sive
2002 2916 2121 2952 solum
2150 2916 2302 2952 adiecti-

382 2991 465 3013 vum
497 2990 563 3024 pro
594 2977 706 3012 titulo
737 2978 858 3023 operis
889 2978 961 3013 fuit
990 2978 1067 3012 sive
1101 2978 1148 3013 ad
1177 2977 1216 3012 id
1247 2977 1436 3013 adiectum
1461 2979 1516 3012 est
1543 2975 1681 3011 codicis
1708 2974 1939 3016 vocabulum,
1973 2974 2084 3019 longe
2113 2973 2256 3010 recedit
2280 2984 2303 3008 a

382 3035 493 3070 solita
517 3034 711 3069 titulorum
736 3034 951 3070 Latinorum
977 3036 1093 3070 forma
1118 3034 1247 3070 multis
1272 3033 1451 3078 exemplis
1476 3033 1640 3073 firmata;
1665 3043 1782 3076 neque
1809 3030 1983 3076 displicet
2008 3043 2120 3076 quam
2144 3030 2199 3066 ibi
2222 3041 2304 3076 pro-

382 3090 488 3135 posui
514 3090 725 3126 coniectura
751 3091 914 3137 syllogas
939 3103 1009 3126 non
1037 3091 1267 3127 continentes
1293 3090 1364 3126 nisi
1396 3091 1493 3125 solas
1518 3089 1783 3135 imperatorum
1809 3087 2092 3124 constitutiones
2116 3086 2304 3133 prudenti-

383 3147 451 3181 bus
475 3146 594 3192 magis
625 3159 690 3192 pro
715 3147 856 3182 tabulis
886 3148 1047 3192 publicis
1079 3148 1189 3183 fuisse
1216 3160 1327 3192 quam
1359 3159 1426 3192 pro
1458 3146 1564 3182 libris
1595 3145 1721 3190 itaque
1752 3156 1825 3180 non
1856 3146 2050 3180 auctorum
2079 3143 2228 3179 nomina
2258 3142 2305 3178 iis

384 3202 503 3238 indita
535 3215 629 3244 esse,
662 3204 724 3239 sed
756 3205 935 3240 vocabulo
970 3205 1106 3240 codicis
1137 3205 1174 3239 in
1206 3205 1345 3240 tabulis
1375 3203 1539 3249 publicis
1570 3202 1739 3238 sollemni
1773 3214 1818 3238 ea
1849 3201 1962 3238 solita
1985 3213 2064 3238 esse
2093 3199 2304 3247 significari,

386 3272 456 3303 quo
489 3260 636 3296 abiecto
669 3264 800 3306 utpote
836 3262 1021 3297 communi
1056 3262 1216 3297 omnium
1252 3274 1295 3297 ea
1331 3262 1547 3306 plerumque
1578 3259 1723 3295 laudari
1757 3260 1824 3294 sub
1858 3258 2006 3295 nomine
2036 3256 2306 3294 determinandi

388 3328 495 3351 causa
523 3317 668 3351 adiecto
695 3318 805 3361 periti
831 3318 1111 3363 imperatorisve
1136 3319 1231 3360 eius,
1265 3319 1329 3362 qui
1362 3319 1530 3363 syllogen
1556 3317 1823 3362 composuisset
1849 3316 1906 3351 vel
1933 3314 2103 3361 componi
2127 3313 2304 3351 iussisset.
