2485 3615
1165 86 1441 122 —CLX—

870 519 924 590 I.
970 515 1660 589 IMPERATORE
1675 514 1740 586 S.

337 679 607 704 coxsrsxnxvs
633 679 645 700 1
671 666 717 700 ad
744 678 775 700 a.
791 664 873 704 3373
901 665 1044 698 mort-uo
1071 674 1113 696 eo
1132 660 1190 697 die
1210 660 1295 695 Mari.
1312 660 1366 701 23,
1393 660 1459 694 sub
1479 658 1625 694 nomine
1645 659 1811 694 defuncti
1829 661 1915 695 acta
1942 660 2161 696 continuata
2186 662 2273 695 sunt

474 726 521 760 ad
547 725 646 769 Sept.
665 725 696 758 9.

339 785 507 829 [LICINIVS
534 785 567 824 ‹†
585 782 666 825 324)
694 793 735 815 ET
762 791 918 815 Licuuvs
943 791 1040 814 cAEs.
1066 790 1139 813 non
1165 777 1407 822 comparent.]

428 842 469 875 111
501 839 758 875 consulatibus
792 836 1033 874 enuntiandis
1064 834 1291 870 Liciniorum
1321 833 1473 869 nomina
1504 832 1714 868 retinentur
1745 833 1919 869 detracta
1951 833 2052 878 patri
2086 833 2273 880 dignitate

473 896 650 943 Augusti3
677 896 715 930 111
741 894 933 931 codicibus
959 892 1159 938 aliquoties
1185 894 1229 937 (1,
1245 893 1276 934 2,
1294 893 1315 927 2
1343 912 1381 916 -
1410 892 1462 933 16,
1478 891 1555 932 2,1‚
1583 891 1626 925 cf.
1647 891 1736 926 Iust.
1757 891 1786 935 1,
1800 891 1854 934 22,
1870 890 1904 935 3)
1931 890 2093 926 adicitur
2113 891 2211 927 Caes.
2229 904 2274 928 ex

474 953 776 999 interpolatione.

430 1013 547 1058 Leges
574 1024 641 1057 per
666 1011 733 1046 hos
759 1021 873 1045 annos
898 1010 999 1045 latae
1027 1008 1190 1044 directae
1216 1008 1254 1042 in
1281 1007 1487 1049 Orientem,
1514 1010 1557 1042 ut
1584 1007 1635 1049 13,
1653 1007 1740 1049 10,2
1767 1007 1815 1042 ad
1839 1005 2049 1052 praesidem
2074 1006 2210 1052 Lyciae
2236 1010 2275 1044 et

475 1068 733 1115 Pamphyliae.
760 1068 791 1109 8,
805 1069 837 1109 4,
853 1067 874 1102 3
901 1079 983 1102 cum
1008 1065 1147 1101 iunctis
1173 1066 1220 1101 ad
1237 1066 1431 1110 Bithynos,
1457 1077 1686 1110 quamquam
1711 1064 1910 1100 traduntur
1935 1064 2002 1099 sub
2028 1076 2101 1100 uno
2125 1065 2274 1100 nomine

477 1126 722 1167 Constantini,
749 1125 821 1160 nisi
847 1137 963 1159 annus
988 1124 1101 1165 fallit,
1130 1122 1264 1158 Licinii
1289 1122 1364 1159 sint
1389 1135 1537 1158 necesse
1563 1124 1629 1158 est.

430 1185 615 1224 Quattuor
633 1182 931 1225 constitutiones,
957 1193 1052 1226 quae
1080 1184 1165 1216 sunt
1190 1180 1229 1215 in
1247 1179 1454 1216 Iustiniano
1481 1179 1606 1214 codice
1633 1180 1700 1214 sub
1720 1178 1952 1225 praescripto
1977 1179 2082 1224 imm).
2105 1179 2275 1215 Constan-

472 1242 572 1276 tinus
602 1245 632 1275 et
658 1241 822 1275 Licinius
847 1241 964 1285 Auyy.
990 1240 1034 1283 (3,
1052 1240 1080 1282 1,
1097 1239 1117 1273 8
1143 1259 1187 1263 —
1213 1238 1243 1281 6,
1261 1239 1289 1279 1,
1305 1238 1326 1272 3
1353 1258 1395 1262 -
1422 1238 1452 1280 7,
1471 1239 1522 1281 16,
1535 1238 1596 1281 41)
1629 1237 1706 1271 sive
1741 1237 1938 1281 exemplum
1967 1247 2157 1272 sacrarum
2187 1238 2276 1273 litte-

474 1310 598 1334 rarum
626 1298 854 1333 Constantini
881 1301 913 1332 et
938 1297 1077 1332 Licinii
1103 1298 1216 1341 Auyy.
1242 1297 1289 1340 (7,
1304 1296 1416 1340 22,3)‚
1445 1294 1598 1331 veniant
1622 1307 1771 1331 necesse
1796 1297 1853 1331 est
1879 1307 1922 1330 ex
1949 1307 2101 1341 corpore
2125 1296 2275 1331 Hermo-

473 1356 643 1402 geniano‚
671 1368 754 1391 curn
778 1354 999 1401 praesertim
1025 1354 1089 1389 uni
1116 1365 1242 1389 earum
1266 1354 1378 1395 6,1,3
1404 1352 1618 1398 subscripta
1643 1352 1694 1388 sit
1717 1352 1877 1388 formula
1900 1353 1978 1387 sine
2002 1352 2056 1387 die
2081 1356 2113 1388 et
2135 1353 2277 1388 consule

473 1427 495 1449 a
521 1414 782 1450 Theodosiano
808 1413 944 1449 aliena.

335 1484 618 1513 coxsuxrmvs,
644 1482 899 1512 com-sumus,
926 1481 1109 1505 0033111131
1135 1469 1321 1505 Caesares.

428 1531 524 1565 Raro
551 1531 596 1574 (2,
612 1530 666 1571 22,
684 1531 699 1564 1
720 1549 763 1554 -
781 1530 813 1571 3,
829 1530 859 1571 5,
874 1530 896 1564 4
923 1529 967 1573 [si
988 1540 1075 1563 vera
1101 1530 1156 1562 est
1182 1527 1295 1563 lectio
1323 1527 1462 1563 codicis
1481 1527 1583 1570 Iust.]
1603 1546 1647 1551 —
1665 1526 1696 1566 3,
1715 1527 1766 1566 17,
1783 1527 1798 1561 l
1821 1546 1865 1551 —-
1883 1526 1914 1567 3,
1932 1526 1983 1568 17,
1998 1528 2019 1561 2
2038 1546 2078 1551 -
2099 1527 2129 1568 7,
2148 1527 2176 1568 1,
2194 1527 2209 1561 1
2231 1546 2274 1552 —

474 1589 504 1630 7,
524 1589 575 1629 12,
593 1589 609 1622 1
632 1608 672 1612 -
692 1589 723 1629 9,
741 1587 793 1629 16,
808 1587 829 1621 3
849 1607 889 1611 --
911 1587 963 1628 10,
981 1587 1009 1628 1,
1029 1587 1045 1620 1
1066 1605 1107 1610 —-
1129 1586 1181 1627 11,
1195 1586 1250 1627 39,
1265 1586 1301 1629 2)
1329 1584 1429 1630 patri
1456 1584 1701 1620 Constantino
1726 1583 1794 1618 filii
1821 1583 1996 1618 Caesares
2021 1582 2276 1630 adiunguntur

474 1645 685 1680 nominibus
710 1645 813 1680 nullo
840 1645 921 1680 loco
949 1643 1169 1685 enuntiat-is;
1202 1656 1288 1678 nani
1313 1644 1345 1685 4,
1361 1644 1427 1685 4,1
1457 1641 1699 1678 Constantius
1724 1653 1796 1677 non
1823 1641 1959 1677 Caesar
1984 1642 2056 1684 est,
2083 1642 2146 1678 sed
2172 1653 2275 1688 prae-

475 1704 594 1739 fectus
620 1703 820 1748 praetorio.

337 1764 620 1808 [coNsTANTIst
645 1773 673 1796 11
700 1762 820 1804 (1340
840 1773 962 1796 mense
982 1760 1119 1806 Aprili)
1145 1772 1218 1795 non
1246 1761 1437 1805 comparet
1463 1758 1618 1794 omissus
1644 1758 1759 1794 etiam
1785 1770 1820 1803 p.
1839 1758 1883 1793 26
1908 1757 1947 1793 111
1971 1758 2093 1794 indice
2119 1757 2276 1803 impera-

476 1822 596 1854 torum
623 1819 883 1855 Theodosiano
909 1819 1096 1864 praefixo]

335 1889 583 1913 coxsrANTws
608 1889 635 1911 11
662 1878 742 1919 (337
770 1878 870 1923 Sept.
890 1878 910 1912 9
926 1897 967 1901 —
982 1877 1047 1912 361
1075 1877 1170 1911 Nor.
1190 1876 1236 1914 3).

430 1936 499 1970 Per
533 1947 658 1970 omnes
692 1935 758 1970 hos
795 1946 909 1969 annos
942 1933 1273 1969 constitutionibus
1305 1930 1575 1978 praescribitur
1608 1943 1739 1967 nomen
1767 1930 1977 1967 Constantii
2009 1931 2118 1967 modo
2151 1930 2276 1972 solius,

473 1993 581 2028 modo
609 2005 691 2028 cum
710 1992 913 2028 Constante
932 1993 1102 2037 Augusto
1130 1992 1189 2026 vel
1209 1990 1354 2026 Iuliano
1375 1989 1542 2025 Caesare.
1585 1988 1682 2024 Auni
1708 1989 1773 2025 361
1807 1988 1962 2025 extremi
1989 1988 2278 2025 constitutiones

476 2054 605 2086 extant
632 2051 768 2085 nullae.

336 2121 519 2145 CONSTANS
545 2108 627 2151 (337
654 2108 756 2153 Sept.
773 2110 794 2143 9
814 2129 855 2132 -
870 2109 937 2145 350
963 2108 1039 2143 Ian.
1062 2107 1128 2150 18).

430 2167 570 2213 Legum
588 2164 807 2201 emissarum
825 2177 845 2200 a
864 2165 951 2200 filiis
970 2164 1205 2200 Constantini
1224 2164 1335 2210 primi
1353 2164 1564 2209 pleraeque,
1589 2163 1687 2199 sicut
1712 2175 1778 2208 per
1795 2175 1909 2198 annos
1927 2162 2092 2209 singulos
2110 2162 2279 2198 declarat

482 2223 686 2259 laterculus
711 2222 856 2264 10111113,
884 2223 1003 2258 30111111
1022 2221 1234 2258 Constantii
1259 2234 1391 2258 nomen
1410 2221 1685 2267 praescriptum
1710 2221 1863 2262 habent,
1889 2232 1954 2257 eae
1980 2223 2117 2263 autem,
2143 2220 2279 2265 quibus

478 2279 782 2327 praescribuntur
807 2280 1047 2316 Constantius
1073 2283 1111 2316 et
1137 2280 1333 2323 Constans,
1367 2278 1606 2326 reperiuntur
1631 2291 1704 2314 non
1734 2278 1853 2313 solum
1885 2290 2064 2313 annorum
2089 2277 2278 2313 337—350

479 2341 548 2375 hoc
574 2340 670 2381 vivo,
698 2339 761 2375 sed
787 2338 930 2384 pariter
956 2340 1042 2384 post
1066 2340 1224 2374 mortem
1249 2338 1296 2372 ad
1322 2349 1354 2373 a.
1378 2350 1495 2382 usque
1520 2338 1598 2372 361.
1646 2337 1815 2372 Errorem
1839 2347 1912 2371 non
1935 2334 2189 2377 librariorum,
2214 2335 2279 2371 sed

478 2397 762 2443 compilatorum
797 2395 965 2441 explicat
998 2395 1110 2431 index
1142 2396 1250 2430 modo
1285 2394 1439 2438 citatus,
1475 2394 1539 2429 ubi
1574 2394 1671 2429 inter
1702 2393 1986 2429 Constantinum
2020 2395 2059 2429 et
2091 2392 2278 2428 Iulianum

476 2456 767 2501 interponuntur
797 2454 1031 2489 Constantius
1057 2456 1088 2487 et
1115 2452 1301 2488 Constans.
1345 2452 1571 2487 Tribuernnt
1596 2451 1744 2487 scilicet
1769 2452 1971 2497 prudentes
1995 2449 2170 2496 Byzantii
2195 2462 2278 2486 con-

479 2514 694 2550 stitutiones
713 2511 1007 2557 subscriptiones
1023 2511 1207 2546 habentes
1226 2522 1405 2545 annorum
1423 2510 1536 2545 337—
1545 2509 1609 2545 361
1631 2521 1756 2546 omnes
1774 2508 1993 2546 Constantio
2013 2511 2052 2545 et
2071 2507 2277 2550 Constanti,

477 2571 684 2616 promiscue
710 2571 818 2605 modo
844 2569 1080 2605 nominantes
1105 2571 1314 2612 utrumque,
1341 2568 1448 2602 modo
1475 2567 1593 2602 solum
1619 2566 1789 2612 priorem.

340 2631 586 2676 [MAGNENTIVS
612 2628 836 2672 (3504353)
862 2639 934 2662 non
961 2626 1181 2672 comparet]

338 2698 582 2723 σοὶ-3111111113
608 2698 744 2721 GALLVS
771 2685 905 2720 Caesar
929 2684 1164 2728 (351-354).

435 2743 694 2780 Constantium
729 2743 878 2778 Gallum
911 2743 1104 2778 Caesarem
1139 2743 1297 2786 excepta
1329 2753 1401 2776 una
1435 2741 1703 2777 constitutione
1738 2742 1790 2783 15,
1811 2741 1862 2782 14,
1882 2741 1919 2782 5,
1958 2739 2022 2776 ubi
2055 2741 2180 2776 tamen
2210 2751 2278 2786 pro

479 2801 696 2838 Constantio
729 2801 946 2846 appellatur
972 2800 1170 2841 Constans,
1204 2798 1464 2844 inscriptiones
1496 2811 1569 2834 non
1600 2798 1811 2844 adiungunt
1836 2799 2016 2844 Augusto.
2049 2817 2093 2823 —
2122 2798 2165 2832 In
2197 2809 2278 2833 con-

479 2860 664 2896 sula-tibus
697 2860 801 2895 adest
833 2858 1000 2903 quidem,
1031 2858 1094 2892 sed
1126 2857 1193 2892 sub
1226 2869 1313 2892 vero
1345 2856 1492 2892 nomine
1524 2856 1727 2891 Constantii
1756 2867 1838 2891 raro
1870 2857 1916 2899 (6,
1930 2856 1999 2897 4,7
2027 2875 2069 2881 —
2095 2855 2127 2898 8,
2142 2856 2208 2899 5,5
2235 2875 2276 2882 -

478 2919 509 2959 3,
524 2919 554 2960 5,
570 2918 590 2953 6
611 2937 649 2942 -—
675 2918 706 2958 8,
722 2918 752 2959 5,
770 2918 789 2951 7
808 2938 850 2942 -
872 2917 923 2952 12,
939 2917 1024 2957 1,41
1052 2937 1094 2940 -
1122 2916 1221 2956 12,1,
1237 2915 1307 2959 42),
1334 2915 1552 2959 plerumque
1579 2914 1669 2950 item
1695 2913 1817 2949 dictus
1845 2913 2034 2958 Constans,
2060 2925 2133 2949 non
2157 2926 2278 2950 errore

480 2977 646 3016 fortasse,
674 2975 738 3010 sed
763 2976 802 3009 ut
830 2974 988 3009 tollatur
1013 2984 1145 3008 nomen
1171 2972 1351 3008 damnati.

344 3044 517 3068 wius-vs
543 3033 677 3068 Caesar
702 3032 782 3075 (355
808 3031 902 3066 Nov.
919 3031 1102 3074 6—360),
1130 3030 1262 3066 deinde
1288 3032 1478 3076 Augustus
1505 3029 1723 3074 (360—363
1749 3030 1827 3064 Iun.
1846 3029 1917 3073 29).

439 3090 604 3125 Iulianus
631 3089 766 3124 Caesar
791 3089 1006 3124 nominatur
1036 3088 1073 3123 in
1101 3088 1367 3124 constitutione
1393 3100 1425 3122 a.
1446 3088 1512 3123 355
1537 3089 1625 3133 Apr.
1644 3088 1689 3123 30
1714 3087 1829 3131 (3,12‚
1844 3088 1880 3132 2)
1913 3098 2064 3123 erronea
2095 3085 2278 3131 anticipa-

482 3147 593 3188 tione,
621 3147 752 3182 deinde
778 3146 816 3181 in
840 3146 1083 3192 inscriptione
1109 3158 1191 3181 raro
1218 3145 1444 3191 praeteritur
1470 3158 1534 3191 per
1552 3157 1666 3180 annos
1686 3145 1776 3180 duos
1793 3145 1862 3180 356
1877 3148 1915 3181 et
1932 3145 2010 3187 360,
2035 3143 2170 3189 quibus
2195 3155 2277 3178 con-

485 3205 647 3239 sulatum
674 3203 854 3246 obtinuit,
887 3207 1040 3249 propter
1064 3203 1376 3248 subscriptionem
1403 3203 1595 3242 vi(lelicet;
1631 3215 1650 3238 e
1682 3202 1866 3238 contrario
1890 3214 1974 3238 raro
1999 3214 2082 3237 cum
2107 3201 2276 3246 Augusto

479 3262 691 3297 nominatur
728 3274 792 3307 per
823 3273 854 3296 a.
882 3262 958 3296 357.
991 3260 1069 3295 358.
1100 3261 1179 3295 359.
1214 3281 1257 3285 -
1291 3259 1464 3296 Eiusdem
1498 3259 1657 3305 Augusti
1690 3271 1821 3295 nomen
1853 3258 2137 3295 constitutiones
2167 3268 2277 3292 anno-

480 3332 559 3355 rum
586 3319 663 3354 360.
690 3320 753 3354 361
781 3331 852 3354 11011
878 3319 1018 3355 habent
1045 3319 1327 3364 praescriptum,
1353 3318 1494 3354 habent
1520 3330 1552 3352 a.
1572 3318 1640 3353 362
1666 3329 1792 3353 omnes
1819 3319 1982 3362 (praeter
2007 3327 2116 3351 unam
2142 3314 2277 3357 1,15‚4

2442 130 2451 166 Λή
