2485 3615
1170 131 1456 165 ——XXX—

356 250 450 283 quae
482 250 564 273 cum
595 237 750 272 mutilae
786 238 958 281 receptae
984 235 1058 270 sint
1088 233 1126 268 in
1152 231 1464 273 Theodosianum,
1495 232 1645 267 aliunde
1670 232 1836 279 integrae
1869 235 1916 269 ad
1940 247 2005 269 nos
2030 236 2276 280 pervenerunt

354 307 504 331 numero
530 306 682 340 paucae,
709 294 773 329 sed
797 294 844 328 ad
870 293 1050 328 iudicium
1075 292 1119 326 de
1145 289 1402 325 Theodosiano
1427 289 1577 324 ferendo
1601 289 1842 326 utilissimae:

473 365 502 405 1,
520 364 570 404 16,
585 363 607 398 8
632 362 783 397 Iuliani:
809 362 846 396 iu
872 360 1062 406 lapidibus
1085 359 1227 393 duobus
1252 357 1409 402 repertis
1426 357 1579 403 Amorgi
1604 360 1642 393 et
1660 358 1767 394 Lesbi
1794 358 1872 394 C.1.
1891 360 2005 401 L.111‚
2019 359 2085 394 459
2103 361 2141 394 et
2162 357 2276 394 14198

469 421 500 462 3,
515 421 569 462 30,
584 422 605 455 2
619 421 661 461 -1-
675 420 706 461 8,
724 420 775 461 12,
793 419 808 453 1
838 416 1089 453 Constantini:
1116 415 1303 451 Vaticana
1327 415 1538 460 fragmenta
1562 415 1628 449 249

469 478 500 519 5,
515 478 545 518 7,
561 477 581 511 2
606 475 759 511 Honorii
785 478 822 510 et
848 473 1045 510 Theodosii
1072 474 1122 508 II:
1149 473 1272 518 sylloye
1296 471 1552 507 sirmondiana
1575 483 1611 506 n.
1630 476 1672 506 16

469 534 500 575 8,
518 533 603 575 12,1
632 531 715 567 vide
740 531 771 572 3,
786 531 840 572 30,
855 531 875 564 2

470 591 502 634 9,
517 590 579 632 5‚1
609 587 860 624 Constantini:
893 586 931 621 in
963 585 1153 631 lapidibus
1187 585 1345 631 repertis
1378 584 1528 620 Patavii
1561 585 1598 619 C.
1619 585 1644 619 Ι.
1663 585 1701 619 L.
1715 585 1758 626 V,
1772 585 1860 620 2781
1894 589 1932 621 et
1962 586 2067 631 Lytti
2098 586 2135 620 in
2169 585 2279 622 Creta

674 646 710 680 C.
730 645 755 679 Ι.
774 645 811 679 L.
831 645 894 685 llI,
916 644 1027 679 12043
1052 646 1090 679 et
1120 643 1159 678 in
1191 643 1329 689 oppido
1355 643 1425 677 Tlo
1450 641 1488 676 in
1514 641 1630 687 Lycia
1653 641 1705 686 (C.
1724 643 1749 676 I.
1769 642 1806 676 L.
1826 643 1890 685 III,
1910 643 2043 687 12133).
2091 643 2142 678 Cf.
2161 643 2280 678 Bruns

672 703 791 738 fontes
816 700 908 736 iuris
934 700 1092 735 Romani
1117 700 1265 745 antiqui
1290 701 1345 736 ed.
1364 701 1384 735 6
1410 712 1444 745 p.
1464 700 1530 734 249

470 763 501 803 9,
515 762 546 802 7,
562 761 583 795 6
608 758 865 796 Valentiniani
892 759 937 801 ΙΙ,
964 758 1164 794 Theodosii
1190 759 1205 793 Ι
1232 760 1269 792 et
1294 757 1464 793 Arcadii:
1493 757 1653 793 Collatio
1678 757 1749 803 leg.
1775 756 1865 791 Mos.
1892 759 1930 793 et
1954 757 2056 792 Rom.
2075 757 2142 799 5,3

469 819 501 859 9,
519 819 570 859 17,
585 818 650 859 5,1
678 816 831 853 Iuliani:
859 816 996 852 Graece
1022 816 1118 852 inter
1144 827 1257 861 opera
1283 815 1361 851 eius
1387 815 1495 861 epist.
1511 816 1554 849 77
1579 815 1663 859 (vol.
1684 815 1705 849 2
1730 827 1766 860 p.
1786 814 1851 850 601
1877 814 2058 859 Hertlein)

468 877 500 917 9,
515 876 568 916 25,
583 875 604 909 3
619 874 833 918 [16,2,44
857 873 1010 909 Honorii
1035 875 1073 909 et
1099 872 1299 909 Theodosii
1324 873 1375 908 11:
1401 872 1658 908 sirmondiana
1682 877 1726 907 10

467 933 499 974 9,
518 932 610 974 45,4
635 931 835 968 Theodosii
859 932 894 966 ΙΙ
929 933 968 967 et
995 930 1251 966 Valentiniani
1276 931 1345 964 III:
1383 930 1481 965 inter
1514 932 1601 965 acta
1635 928 1785 965 concilii
1818 928 1997 974 Ephesini
2029 927 2163 972 (Mansi
2198 928 2281 963 coll.

677 989 807 1024 concil.
827 990 857 1031 5,
870 989 952 1034 437)
973 987 1127 1029 Graece;
1154 999 1380 1032 quamquam
1402 988 1461 1023 lex
1479 987 1676 1032 publicata
1698 989 1754 1023 est
1779 986 1908 1032 lingua
1932 988 2101 1030 utraque,
2127 983 2282 1021 Latinus

677 1048 801 1082 textus
826 1046 924 1081 inter
949 1048 1035 1081 acta
1060 1045 1128 1080 illa
1155 1044 1276 1081 editus
1301 1056 1426 1080 versus
1451 1056 1529 1081 esse
1556 1044 1704 1080 videtur
1728 1056 1773 1080 ex
1798 1044 1938 1080 Graeco

450 1105 502 1147 13,
518 1105 586 1146 3‚4
611 1104 762 1140 Iuliani:
789 1104 928 1139 Graece
953 1103 1050 1139 inter
1075 1114 1188 1148 opera
1213 1102 1290 1138 eius
1315 1102 1424 1148 epist.
1442 1102 1519 1136 25b

450 1163 502 1200 16.
517 1163 548 1204 2,
562 1162 603 1196 31
622 1162 665 1204 -[-
685 1162 737 1203 16,
751 1163 782 1202 5,
795 1162 840 1196 46
868 1160 1021 1196 Honorii
1048 1163 1085 1196 et
1112 1159 1310 1196 Theodosii
1335 1160 1386 1194 II:
1415 1159 1673 1194 Sirmondiana
1698 1164 1739 1193 14

449 1220 501 1262 16,
516 1220 548 1261 2,
563 1220 606 1254 35
631 1219 793 1261 Arcadii,
820 1218 984 1261 Honorii,
1011 1217 1211 1254 Theodosii
1237 1218 1291 1252 II:
1317 1216 1574 1252 Sirmondiana
1598 1221 1619 1251 2

449 1277 500 1319 16,
518 1277 549 1319 2,
564 1277 607 1312 39
633 1276 783 1312 Arcadii
809 1279 847 1312 et
871 1276 1043 1311 Honorii:
1069 1275 1326 1310 Sirmoncliana
1352 1279 1371 1310 9

448 1335 500 1376 16,
516 1336 547 1377 2,
561 1335 606 1370 40
631 1334 784 1370 Honorii
810 1336 848 1369 et
873 1333 1072 1369 Theodosii
1099 1334 1149 1368 II:
1176 1332 1430 1368 ,sirmondiana
1457 1338 1493 1367 11

449 1393 501 1433 16,
516 1392 547 1433 2,
561 1393 603 1427 41
630 1391 784 1427 Honorii
810 1393 848 1427 et
873 1390 1072 1427 Theodosii
1099 1391 1148 1425 II:
1176 1390 1433 1425 Sirmondz'ana
1458 1395 1496 1424 15

449 1449 607 1493 16,2,44
633 1449 716 1485 vide
741 1450 772 1492 9,
787 1449 878 1491 25,3

449 1507 500 1547 16,
515 1506 546 1549 2,
560 1507 662 1550 47]-
679 1508 731 1549 16,
745 1508 776 1551 5,
791 1507 891 1542 62:
908 1507 959 1549 16,
975 1507 1005 1548 5,
1019 1507 1063 1541 64
1089 1505 1287 1542 Theodosii
1315 1506 1348 1540 II
1375 1507 1412 1541 et
1438 1502 1695 1540 Valentiniani
1722 1503 1790 1537 III:
1817 1502 2076 1538 Sirmondiana
2102 1507 2122 1536 6

450 1564 502 1606 16,
516 1565 546 1606 5,
561 1564 664 1607 43-1-
680 1565 731 1607 16,
748 1565 799 1606 10,
817 1565 857 1599 11
884 1563 1037 1599 Ηο110111
1063 1566 1100 1599 et
1127 1563 1325 1599 Theodosii
1351 1564 1400 1598 II:
1429 1561 1685 1597 Sirmomliana
1716 1565 1751 1595 12

450 1621 501 1663 16,
516 1622 546 1663 5,
560 1622 605 1657 46
632 1621 715 1657 vide
744 1622 795 1664 16,
810 1622 841 1664 2,
856 1621 897 1656 31

450 1681 502 1722 16,
518 1682 548 1722 5,
564 1680 607 1715 62
633 1680 718 1716 vide
746 1681 797 1723 16,
812 1682 843 1722 2,
857 1681 901 1715 47

451 1738 503 1779 16,
523 1738 554 1779 5,
569 1738 614 1773 64
639 1737 722 1773 vide
750 1738 802 1780 16,
817 1739 848 1780 2,
862 1739 906 1772 47

456 1795 508 1837 16,
525 1795 554 1836 5,
571 1795 615 1829 66
641 1794 842 1831 Theodosii
861 1796 895 1829 ΙΙ
919 1799 956 1831 et
977 1793 1231 1831 Valentiniani
1249 1793 1320 1827 III:
1347 1792 1444 1827 inter
1469 1793 1556 1827 acta
1582 1789 1731 1826 concilii
1748 1787 1926 1834 Ephesini
1943 1786 2075 1824 Latine
2091 1789 2130 1823 et
2147 1787 2286 1824 Graece

678 1852 813 1896 (Mansi
839 1853 869 1895 5,
884 1852 965 1896 413)

453 1910 503 1951 16,
518 1910 549 1951 8,
565 1911 584 1944 5
599 1913 643 1953 -ἦ-
662 1911 714 1952 16,
728 1910 760 1952 9,
776 1911 792 1944 1
825 1908 1077 1946 Constantini:
1104 1907 1362 1943 Sirmondiana
1387 1913 1408 1942 4

452 1968 504 2009 16,
518 1968 550 2009 9,
569 1969 585 2002 1
614 1968 697 2003 vide
725 1968 776 2009 16,
791 1968 822 2009 8,
837 1970 857 2003 5

453 2025 574 2067 16,10,
593 2025 633 2060 11
662 2025 744 2061 vide
773 2026 824 2066 16,
840 2026 871 2068 5,
885 2025 931 2059 43
2014 2046 2018 2049 «

455 2082 575 2124 16,11,
595 2083 616 2117 3
641 2082 795 2118 Honorii
821 2086 858 2118 et
877 2082 1076 2118 Theodosii
1102 2082 1154 2116 lI:
1182 2080 1279 2116 inter
1303 2083 1410 2126 gesta
1428 2079 1761 2125 Karthaginiensia
1778 2079 1911 2123 (Mansi
1937 2079 2007 2115 vol.
2024 2080 2047 2115 4
2072 2091 2106 2125 p.
2122 2080 2176 2114 53.
2196 2079 2286 2123 186).

480 2161 620 2208 Corpus
647 2163 916 2209 disponendum
941 2175 1019 2199 esse
1045 2164 1092 2198 ad
1117 2163 1248 2198 titulos
1265 2163 1398 2198 ‘rerum
1424 2161 1576 2197 indices'
1595 2164 1632 2196 et
1657 2161 1722 2196 ubi
1746 2173 1803 2197 res
1828 2161 2031 2206 requireret
2056 2159 2288 2196 constitutio-

363 2231 446 2254 nem
472 2220 592 2255 soluto
619 2223 744 2257 tenore
769 2234 835 2267 per
860 2224 985 2267 partes
1009 2221 1177 2266 pluribus
1200 2232 1325 2255 eorum
1345 2219 1576 2255 inserendam
1594 2218 1781 2254 ordinavit
1806 2218 2018 2265 imperator,
2043 2218 2171 2263 itaque
2195 2218 2288 2254 fece-

360 2281 446 2314 runt
473 2278 716 2314 sedecimviri.
760 2279 801 2314 In
826 2278 939 2315 titulo
964 2290 1185 2324 unoquoque
1212 2277 1496 2313 constitutiones
1522 2276 1578 2312 ita
1603 2276 1778 2312 iubentur
1803 2276 1989 2318 collocari,
2014 2278 2057 2311 ut
2080 2286 2154 2310 mm
2177 2275 2289 2310 solum

360 2337 547 2371 consulum
572 2336 776 2380 dierumque
799 2337 1059 2381 supputatione,
1084 2337 1147 2371 sed
1170 2337 1273 2370 etiam
1298 2347 1341 2371 ex
1364 2335 1447 2381 ipsa
1469 2335 1715 2379 compositione
1738 2334 1796 2369 vel
1820 2333 1946 2368 ordim
1970 2333 2125 2368 lectionis
2148 2335 2288 2378 tempo-

362 2405 441 2428 rum
474 2394 561 2429 ordo
594 2398 808 2440 compareat
833 2395 993 2439 (1,1‚5);
1029 2394 1066 2428 id
1097 2394 1195 2439 quod
1222 2405 1305 2428 cum
1335 2393 1437 2438 leges
1462 2404 1607 2437 quoque
1633 2391 1852 2436 antiquatae
1880 2391 1937 2426 vel
1967 2390 2175 2426 inmutatae
2198 2388 2288 2426 reci-

362 2450 520 2495 piendae
547 2455 684 2495 essent,
718 2452 924 2488 necessario
949 2451 1223 2496 requirebatur,
1258 2453 1300 2486 ut
1331 2450 1593 2496 intellegerent
1624 2450 1662 2484 in
1687 2461 1725 2484 re
1750 2448 1885 2484 forensi
1911 2448 2005 2483 libro
2030 2449 2179 2484 utentes
2202 2447 2289 2482 vali-

362 2507 465 2542 diora
497 2519 566 2543 esse
597 2520 689 2553 quae
718 2513 802 2543 sunt
830 2511 1041 2554 posteriora.
1093 2508 1189 2544 Huic
1215 2520 1361 2552 quoque
1394 2507 1571 2543 mandato
1604 2506 1866 2552 compilatores
1898 2506 2203 2551 obtemperarunt
2228 2505 2289 2540 ob-

365 2564 552 2601 oedientia
577 2565 798 2611 suspiciosa;
834 2578 919 2601 nam
951 2566 1028 2602 sine
1060 2566 1118 2601 die
1149 2569 1187 2601 et
1219 2565 1367 2601 consule
1395 2565 1455 2599 vix
1481 2565 1558 2600 ulla
1585 2563 1803 2599 constitutio
1828 2562 2006 2598 remansit
2030 2564 2068 2599 et
2092 2561 2289 2598 admodum

364 2633 445 2657 raro
472 2621 712 2658 inveniuntur
736 2625 864 2658 contra
889 2625 1005 2659 fastos
1030 2622 1322 2668 transpositae.¹)
1370 2622 1440 2658 Sed
1473 2622 1516 2657 de
1548 2621 1856 2656 constitutionum
1886 2619 2016 2655 diebus
2046 2618 2212 2663 itemque
2243 2618 2289 2654 de

365 2678 457 2713 locis
483 2679 682 2725 adscriptis
708 2692 802 2725 quae
828 2681 985 2716 dicenda
1010 2683 1110 2722 sunt,
1143 2681 1266 2715 locum
1298 2679 1487 2715 invenient
1514 2678 1639 2724 capite
1665 2679 1806 2714 decimo
1831 2678 1868 2713 in
1894 2676 2106 2723 praemissis
2134 2675 2182 2711 ad
2207 2687 2288 2711 con-

364 2738 533 2781 spectum
559 2747 684 2771 earum
710 2749 775 2782 per
800 2738 963 2773 ordinem
988 2740 1194 2782 temporum
1221 2736 1415 2783 digestum.

484 2831 509 2873 ¹)
534 2833 775 2875 Transpositae
800 2837 881 2864 sunt
904 2831 936 2874 2,
952 2831 1005 2872 16,
1022 2831 1052 2864 1.
1070 2830 1091 2864 2
1118 2830 1222 2874 [recte
1239 2829 1269 2864 2.
1290 2831 1324 2872 1;
1357 2832 1519 2864 traditum
1548 2832 1700 2864 ordinem
1724 2842 1802 2864 cum
1828 2830 1926 2863 factis
1951 2840 2018 2862 non
2043 2833 2287 2871 congruentem

365 2877 444 2909 libri
478 2878 629 2920 plerique
659 2878 708 2911 ita
733 2879 960 2918 retinuerunt,
996 2883 1034 2910 ut
1067 2883 1201 2921 propter
1225 2889 1303 2910 eum
1329 2879 1610 2921 subscriptionem
1636 2874 1892 2920 interpolarent]
1925 2893 1970 2898 —
2003 2874 2035 2917 6,
2048 2874 2080 2916 4,
2095 2873 2138 2908 12
2154 2899 2184 2908 ..
2200 2898 2229 2907 ..
2246 2872 2288 2906 16

367 2921 473 2965 [100ῐο
502 2922 554 2956 14.
574 2923 626 2956 15.
648 2923 700 2956 16.
720 2922 774 2957 12.
795 2922 849 2967 13]
876 2942 918 2947 -
945 2923 975 2962 7,
990 2923 1021 2964 8,
1036 2922 1068 2956 2.
1091 2923 1106 2956 1
1135 2922 1237 2967 [recte
1265 2924 1293 2956 1.
1311 2922 1343 2964 2,
1369 2925 1458 2957 sicut
1481 2925 1708 2962 restituimus,
1734 2935 1811 2956 cum
1837 2921 1996 2955 librarius
2021 2931 2152 2954 errasse
2175 2920 2289 2953 videa-

366 2968 433 3009 tur]
462 2987 505 2991 —-
534 2968 563 3005 7,
578 2968 611 3010 8,
627 2968 656 3001 7.
674 2968 696 3001 8
722 2968 824 3011 [recte
841 2968 873 3002 8.
888 2968 918 3008 7,
945 2971 1009 3002 nisi
1034 2981 1095 3003 scr.
1115 2974 1166 3002 est
1190 2970 1224 3002 in
1256 2970 1277 3002 l.
1292 2968 1310 3001 7
1336 2970 1404 3002 itm.
1425 2981 1484 3013 pro
1508 2968 1591 3012 ium]
1618 2986 1659 2992 -—
1686 2967 1717 3010 7,
1730 2968 1761 3010 8,
1778 2968 1831 3001 16.
1853 2966 1892 2999 17
1919 2965 2021 3010 [recte
2039 2965 2090 2999 17.
2110 2965 2169 3006 16;
2199 2976 2288 2999 eom—

368 3015 528 3056 pilatores
556 3026 624 3047 non
650 3016 869 3048 attenderunt
893 3016 936 3048 ad
961 3016 1141 3048 formulam
1163 3016 1437 3058 postconsulatus
1462 3017 1496 3048 in
1521 3016 1543 3048 l.
1563 3013 1616 3058 16]
1647 3032 1692 3037 ——
1721 3013 1753 3055 8,
1767 3014 1798 3054 5,
1812 3012 1866 3047 37.
1885 3011 1930 3046 38
1955 3011 2057 3055 [recte
2072 3011 2127 3046 38.
2144 3010 2200 3050 37,
2222 3011 2288 3044 nisi

367 3061 401 3091 in
437 3061 746 3104 subscriptionibus
780 3066 926 3094 erratum
958 3060 1020 3104 est]
1054 3080 1094 3084 —
1129 3060 1296 3102 10,1,14.
1315 3061 1358 3094 15
1390 3060 1492 3104 [recte
1522 3060 1574 3093 15.
1601 3059 1656 3103 14]
1687 3079 1732 3084 —
1762 3059 1816 3100 10,
1831 3057 1885 3101 26,
1903 3058 1972 3092 1.2
2003 3056 2106 3102 [reete
2129 3056 2161 3090 2.
2179 3056 2196 3090 1
2243 3074 2287 3080 -

370 3105 422 3146 11,
441 3104 496 3147 28,
514 3106 545 3139 5.
565 3106 591 3151 6
613 3105 715 3149 [recte
739 3106 769 3138 6.
787 3107 809 3140 5
833 3108 1020 3140 secundum
1047 3107 1117 3139 dies
1143 3108 1365 3150 subscriptos,
1390 3108 1447 3140 sed
1473 3107 1554 3140 ordo
1579 3107 1653 3149 ipse
1677 3106 1707 3140 5.
1726 3105 1747 3138 6
1772 3106 1908 3138 videtur
1931 3116 2005 3139 esse
2029 3104 2201 3148 genuinus
2245 3120 2287 3126 -

368 3149 467 3191 12,1,
482 3151 536 3184 69.
556 3151 600 3184 70
626 3152 728 3193 [recte
754 3151 807 3185 70.
827 3152 882 3196 69]
910 3171 953 3175 —-
982 3153 1034 3193 12,
1053 3153 1079 3193 1,
1096 3152 1150 3186 89.
1167 3152 1212 3185 90
1237 3151 1339 3196 [recte
1364 3151 1417 3186 90.
1437 3152 1496 3194 89;
1528 3153 1584 3185 11ἰο
1614 3163 1748 3194 quoque
1773 3151 2010 3194 compilatores
2040 3161 2108 3183 non
2138 3149 2287 3182 attende-

369 3201 449 3228 runt
462 3198 503 3229 ad
517 3196 820 3241 postconsulatum]
839 3217 876 3222 -—
896 3197 1103 3239 1⁵2,1,147..
1118 3197 1226 3231 ..182
1245 3197 1348 3242 [recte
1361 3198 1444 3231 148.
1459 3223 1466 3231 .
1480 3224 1486 3230 .
1500 3223 1506 3231 .
1522 3196 1683 3240 182147]
1700 3215 1741 3220 -
1760 3196 1916 3239 13‚5‚20.
1930 3196 1973 3229 21
1988 3195 2091 3238 [recte
2102 3193 2158 3228 21.
2171 3192 2228 3237 20]
2243 3213 2286 3218 —

370 3241 423 3281 16,
438 3241 469 3282 8,
485 3241 518 3276 2.
535 3242 556 3275 3
577 3241 679 3285 [recte
697 3243 728 3278 3.
747 3244 768 3276 2
786 3245 972 3277 secundum
998 3245 1154 3277 consules
1180 3245 1404 3288 subscriptos;
1430 3245 1463 3277 iu
1490 3244 1510 3275 l.
1526 3242 1546 3276 3
1572 3255 1631 3287 pro
1652 3243 1835 3276 Gallicano
1860 3249 1891 3275 et
1908 3241 2109 3286 Symmacho
2134 3241 2240 3274 codex
2255 3240 2291 3272 E

370 3288 504 3330 scripsit
525 3289 706 3322 Gallicano
731 3296 761 3322 et
785 3290 908 3332 Basso,
933 3295 971 3323 ut
995 3291 1260 3332 subscriptiones
1285 3291 1492 3324 conveniant
1515 3300 1592 3322 011111
1617 3290 1733 3322 ordine
1756 3286 1905 3331 tradito]
1945 3290 2064 3330 Itaque
2081 3287 2285 3330 quibusdam

369 3333 452 3367 locis
477 3335 549 3368 fieri
575 3340 685 3378 potest
708 3340 747 3369 ut
771 3338 851 3370 ordo
876 3338 934 3380 qui
958 3337 1103 3369 traditur
1128 3347 1229 3370 verus
1253 3337 1297 3370 sit
1321 3336 1630 3380 subscriptionibus
1653 3335 1832 3379 corruptis.
