2501 3615
976 131 1019 139 —
1068 107 1191 152 XXIII
1238 134 1282 141 -—-

190 204 534 246 GREGORIANVS
835 213 1207 254 THEODOSIANVS
1620 219 1636 255 1
1640 219 1933 258 VS'I'INIANVS

584 293 586 338 Ι
626 291 647 326 5
672 292 736 336 qui
771 294 1011 331 conductores
1047 297 1099 333 rei
1135 299 1306 343 privatae
1343 297 1426 334 fide-

584 347 587 388 !
673 348 828 386 iussores
855 351 954 398 exigi
978 364 1048 388 non
1075 354 1213 390 debent

584 403 587 438 2
627 406 648 440 6
673 406 718 442 de
741 419 854 454 grege
881 409 1064 446 dominico
1468 426 1507 461 11
1536 425 1578 460 76
1605 441 1647 455 z

584 444 587 500 Ι
628 463 648 497 7
673 463 718 500 de
744 463 976 502 Caesarianis
1514 453 1520 467 ⁹

156 539 415 581 1ust.10,10,1
564 501 588 558 ΙΙ
629 519 651 554 8
675 520 720 556 de
745 521 850 584 ponis
876 523 1097 587 vaca-”tibus
1455 532 1465 582 Ι
1489 539 1540 581 10,
1556 539 1597 574 10
1621 540 1665 575 de
1683 539 1788 575 bonis
1807 540 2025 576 vacantibus
2045 544 2082 576 et

565 561 588 643 ΙΙ
628 577 648 612 9
674 577 718 613 (18
743 583 1040 625 incorporatione
1455 590 1465 634 Ι
1556 597 1600 633 de
1625 597 1921 643 incorporatione

157 665 487 707 lust-10‚11‚1-4
607 669 649 705 10
675 669 718 705 de
751 670 998 716 petitionibus
1031 675 1070 707 et
1099 672 1197 708 uitro
1229 673 1327 708 datis
1355 678 1392 709 et
1464 653 1517 695 1ον
1535 654 1573 688 ¹¹
1602 654 1646 689 (18
1673 654 1900 717 dela-toribus

674 726 903 763 delatoribus
1466 709 1517 751 10,
1533 711 1574 744 12
1608 710 1651 746 de
1687 712 1934 756 petitionibus
1972 712 2079 747 bono-

1532 779 1612 802 rum
1636 768 1795 803 sublatis

607 817 645 851 11
674 817 718 852 (18
743 816 802 852 his
827 818 891 862 qui
916 830 954 854 se
979 818 1149 855 deferunt
1466 823 1518 865 10,
1535 823 1577 858 13
1604 840 1645 854 =

607 873 648 908 12
673 873 704 908 si
730 886 867 920 vagum
890 877 1045 921 petatur
1067 875 1295 922 mancipium

607 929 649 964 13
676 930 718 966 de
744 931 968 976 petitoribus
994 936 1032 969 et
1057 933 1322 970 desistentibus

607 987 649 1021 14
674 987 705 1021 si
730 987 925 1032 petitionis
949 990 1069 1025 socius
1100 990 1178 1026 sine
1209 991 1342 1027 herede
1368 992 1428 1028 de·
1465 992 1576 1034 10,14
1601 993 1631 1028 si
1648 993 1889 1031 liberalitatis
1908 997 2077 1043 imperia-

673 1044 804 1081 fecerit
1532 1049 1577 1084 lis
1603 1050 1723 1086 socius
1748 1064 1773 1086 s.
1793 1053 1827 1087 h.
1848 1054 1880 1088 d.

607 1103 649 1137 15
674 1102 719 1138 de
745 1103 926 1138 advocato
952 1103 1030 1138 fisci
1463 1106 1530 1147 2,8
1557 1122 1599 1136 =

607 1158 648 1194 16
673 1158 718 1195 de
743 1159 822 1194 fisci
847 1159 1078 1195 debitoribus
1465 1163 1552 1205 10,2
1577 1164 1621 1199 de
1640 1165 1898 1201 conueniendis
1918 1167 1993 1203 fisci
2017 1169 2074 1204 dc-

1532 1221 1715 1256 bitoribus

607 1272 648 1306 17
674 1271 718 1307 de
743 1272 813 1307 fide
839 1275 878 1309 et
902 1272 980 1309 iure
1005 1273 1136 1310 hastae
1465 1278 1553 1320 10‚3
1579 1278 1622 1313 de
1657 1278 1726 1314 fide
1762 1282 1799 1315 et
1833 1279 1910 1316 iure
1946 1281 2074 1318 hastae

1532 1334 1666 1370 fiscalis
1685 1338 1723 1371 et
1741 1336 1784 1371 de
1804 1336 2076 1373 adiectionibus

607 1386 648 1422 18
673 1387 718 1422 de
743 1387 927 1423 thesauris
1466 1392 1517 1434 10,
1535 1393 1576 1427 15
1603 1407 1645 1421 =

607 1445 648 1480 19
673 1444 718 1480 de
743 1445 908 1481 metallis
933 1448 970 1480 et
994 1444 1215 1481 metallariis
1465 1451 1516 1491 11,
1531 1451 1549 1484 7
1568 1449 1612 1484 de
1630 1449 1849 1485 metallariis
1865 1453 1903 1485 et
1916 1452 2078 1487 metallis

1533 1509 1571 1541 et
1589 1506 1889 1552 procuratoribus
1912 1509 2076 1544 metallo-

605 1614 649 1650 20
674 1615 719 1651 de
754 1614 988 1661 murilegulis
1023 1619 1062 1652 et
1097 1615 1352 1663 gynaeceariis
1389 1618 1426 1651 et
1465 1575 1620 1662 11,18ἬΠ;1

674 1671 890 1708 monetariis
914 1675 952 1708 et
976 1673 1202 1720 bastagariis

605 1729 645 1764 21
673 1729 718 1764 de
744 1729 909 1765 vestibus
934 1729 1120 1765 holoveris
1144 1734 1182 1767 et
1208 1731 1350 1767 auratis
1465 1733 1552 1774 11,9
1579 1748 1620 1762 =

604 1785 649 1820 22
674 1785 718 1821 de
743 1785 1011 1821 fabricensibus
1466 1790 1518 1830 11,
1536 1789 1577 1824 10
1603 1804 1645 1818 ---

604 1842 649 1877 23
674 1842 718 1878 (18
745 1842 909 1878 classicis
1466 1847 1517 1887 11,
1534 1846 1576 1881 13
1602 1861 1644 1875 =

604 1899 649 1934 24
673 1899 718 1935 de
750 1899 809 1934 his
843 1899 908 1944 qui
941 1912 1024 1936 cum
1057 1901 1308 1947 dispensatore
1343 1914 1424 1939 con·
1466 1902 1551 1944 10,6
1577 1902 1622 1938 de
1651 1901 1708 1937 his
1740 1901 1803 1946 qui
1840 1913 1882 1936 ex
1915 1901 2078 1946 publicis

673 1959 866 1992 traxerunt
1092 1974 1096 1978 ⁷
1530 1958 1737 1994 rationibus
1769 1961 1935 1993 mutuam
1970 1970 2076 2003 pecu-

1531 2015 1632 2050 niam
1657 2019 1881 2061 acceperunt

604 2071 649 2106 25
674 2071 719 2106 de
744 2070 952 2117 privilegiis
978 2071 1106 2107 domus
1131 2074 1321 2118 Augustae
1466 2074 1516 2114 ll,
1532 2074 1575 2108 75
1601 2088 1643 2102 =

605 2127 649 2162 26
674 2127 719 2162 de
744 2127 1028 2164 conductoribus
1061 2132 1099 2164 et
1131 2129 1342 2165 hominibus
1367 2131 1426 2166 do·
1465 2131 1516 2172 11,
1532 2130 1575 2164 72
1601 2129 1645 2165 (18
1671 2140 1700 2164 c.
1718 2132 1756 2165 et
1776 2128 2076 2174 procuratoribus

674 2198 754 2220 mus
779 2187 970 2231 Augustae
1531 2186 1608 2221 sive
1633 2185 1822 2222 actoribus
1844 2184 2076 2231 praediorum

1443 2213 1447 2290 Ι
1532 2242 1713 2278 fiscalium
1738 2244 1776 2279 et
1802 2242 1833 2277 d.
1853 2243 1894 2277 A.

716 2332 1043 2369 THEODOSIANI
1074 2334 1216 2370 LIBER
1242 2333 1524 2371 VNDECIMVS

674 2400 718 2437 de
743 2412 888 2437 annona
912 2405 950 2437 et
974 2401 1127 2437 tributis
1464 2403 1515 2444 10,
1534 2402 1574 2437 16
1600 2418 1642 2431 =

159 2403 248 2438 lust.
265 2401 318 2444 10,
333 2401 386 2444 16,
402 2400 491 2437 1-3
585 2402 589 2445 Ι
630 2401 646 2435 1

585 2450 589 2535 Ι
627 2458 650 2549 Ξ
674 2457 818 2494 tributa
842 2458 882 2493 in
905 2458 997 2504 ipsis
1022 2459 1215 2504 speciebus
1240 2459 1366 2495 inferri

158 2517 249 2554 Iust.
262 2517 294 2558 4,
307 2516 363 2557 47,
379 2516 396 2550 1
675 2514 752 2550 sine
778 2526 888 2550 censu
906 2515 964 2550 vel
989 2515 1140 2560 reliquis
1166 2516 1317 2552 fundum
1344 2527 1425 2552 con·
1460 2517 1493 2558 4,
1506 2516 1549 2550 47
1577 2530 1619 2544 -τ

673 2571 799 2617 parari
826 2583 899 2607 non
924 2583 1030 2617 posse

626 2628 649 2662 4
673 2639 718 2664 ne
736 2628 899 2664 conlatio
913 2640 978 2674 per
990 2628 1202 2675 logografos
1218 2629 1425 2665 celebretur

628 2684 649 2718 5
674 2684 719 2720 de
743 2684 1008 2721 indictionibus
1464 2688 1515 2729 10,
1532 2688 1573 2722 17
1601 2701 1642 2717 =

628 2741 649 2775 6
674 2741 719 2776 (18
744 2742 995 2787 superindicto
1463 2744 1574 2786 10,18
1600 2759 1642 2773 =

628 2797 648 2831 7
674 2797 718 2833 (18
744 2798 1000 2834 exactionibus
1464 2802 1515 2844 10,
1532 2802 1573 2837 19
1599 2801 1643 2836 de
1675 2799 1930 2837 exactionibus
1960 2797 2073 2834 tribu-

1529 2860 1651 2894 torum

627 2911 649 2947 8
675 2913 718 2948 de
743 2913 1111 2958 superexactionibus
1463 2915 1515 2956 10,
1529 2915 1574 2950 20
1599 2930 1642 2945 =

628 2969 649 3003 9
674 2969 720 3004 (18
760 2970 1008 3006 distrahendis
1047 2971 1282 3018 pignoribus,
1331 2984 1424 3017 quae
1463 2972 1516 3014 10,
1530 2972 1572 3006 21
1600 2971 1643 3006 (18
1668 2970 1857 3016 capiendis
1883 2973 1920 3005 et
1945 2969 2073 3005 distra-

674 3026 897 3062 tributorum
924 3039 1036 3063 causa
1060 3031 1233 3065 tenentur
1529 3027 1660 3064 hendis
1699 3026 1918 3073 pignoribus
1958 3026 2072 3062 tribu-

1531 3089 1652 3121 torum
1678 3095 1788 3120 causa

607 3140 650 3175 10
673 3152 718 3176 118
744 3152 877 3186 operae
902 3153 924 3177 a
950 3141 1200 3178 conlatoribus
1229 3143 1426 3189 exigantur
1464 3143 1516 3185 10,
1529 3143 1574 3178 24
1601 3157 1642 3172 =

607 3197 646 3232 11
673 3209 719 3233 118
744 3198 879 3234 damna
901 3199 1193 3244 provincialibus
1210 3200 1426 3246 infligantur

606 3254 648 3289 12
673 3253 718 3290 (18
742 3254 979 3293 immunitate
1004 3268 1177 3293 concessa
1464 3257 1516 3300 10,
1530 3257 1573 3291 25
1599 3257 1643 3291 de
1670 3254 1905 3290 immunitate
1937 3253 2073 3288 nemini

1532 3313 1764 3349 concedenda
