2485 3615
109 2517 310 2560 Compilatio

74 2565 342 2597 Gaudeuziana.

1108 170 1150 175 —
1203 147 1452 184 CCCXXVIII
1502 168 1545 174 --

363 271 457 303 quae
494 256 647 293 ineunte
678 256 825 293 saeculo
856 267 950 291 nono
984 253 1125 289 ibidem
1156 253 1396 299 promulgata
1427 254 1562 294 sunt.²)
1619 252 1656 288 C.
1683 252 1735 287 XI
1765 252 1823 289 ‘de
1852 251 1944 287 rixa'
1974 251 2069 298 legis
2102 251 2292 288 Romanae

365 316 548 352 Curiensis
574 317 634 358 IX,
655 317 684 358 1,
703 316 723 350 3
754 314 903 350 novella
934 315 1005 354 est,
1038 324 1124 346 nam
1156 312 1261 346 nulla
1286 310 1470 346 Breviarii
1503 310 1666 355 epitome
1696 322 1814 355 neque
1846 310 2109 356 interpretatio
2146 313 2295 356 praeter

364 374 575 409 Curiensem
601 373 719 409 actori
744 371 997 407 iusiurandum
1024 369 1194 414 imponit,
1220 368 1251 403 si
1277 369 1324 404 ab
1350 367 1589 403 accusatione
1617 367 1768 413 prolata
1793 367 1969 403 desistere
1996 367 2086 403 vult.
2129 367 2294 413 Excepto

364 432 429 467 illo
460 431 628 468 Remedii
663 431 830 476 capitulo
867 429 946 464 sola
982 429 1042 462 lex
1078 428 1246 462 Romana
1280 425 1466 462 Curiensis
1503 425 1777 460 abiurationem
1813 424 2063 460 accusationis
2100 437 2166 470 per
2201 424 2296 460 iram

363 490 487 525 factae
513 490 677 535 praebet.
719 488 811 523 Dein
837 488 896 522 lex
920 489 1057 528 nostra,
1084 497 1179 530 quae
1205 485 1243 519 in
1264 484 1431 520 Remedii
1458 483 1634 529 capitulis
1652 484 1703 518 IX
1730 485 1767 519 et
1793 483 1825 517 X
1850 486 2166 526 commemoratur,
2192 482 2297 517 nulla

364 547 441 582 alia
467 559 577 592 quam
604 545 789 581 Curiensis
821 547 877 579 est
906 543 1053 588 [XXIV‚
1073 544 1133 585 2&
1165 542 1227 587 IX,
1248 544 1277 583 1,
1296 544 1327 577 3.
1345 544 1389 583 4;
1422 542 1484 584 IX,
1505 544 1556 583 15,
1576 543 1612 583 2;
1645 541 1707 582 XI,
1727 543 1759 582 6,
1778 541 1862 586 1].2)
1913 540 2052 576 Charta
2085 539 2297 576 donationis

365 605 452 641 anni
482 605 550 640 852>
576 605 670 648 (859)
708 603 746 637 in
783 602 864 638 vico
897 602 1083 637 Vinomna
1120 601 1179 636 die
1216 601 1331 636 tertio
1363 603 1450 636 ante
1483 600 1671 635 Kalendas
1707 599 1898 634 Ianuarias
1932 599 2055 634 factae
2093 599 2297 634 clausulam

364 665 490 703 habet,
522 674 617 707 quae
649 674 731 696 curn
763 661 845 706 lege
873 660 1039 695 Curiensi
1066 658 1257 705 congruit:
1288 659 1399 693 ‘sicut
1424 659 1483 693 lex
1511 658 1676 693 continet
1702 660 1861 702 excepta
1885 657 2047 692 Falsicia
2072 657 2297 703 anteposita,

364 723 435 757 hoc
469 724 526 757 est
561 722 695 764 quarta
729 718 927 764 porcione'.
986 718 1059 753 Lex
1098 717 1181 763 ipsa
1216 717 1321 752 illam
1357 718 1547 761 quartam,
1583 715 1689 751 cuius
1723 715 2011 750 reservationem
2047 714 2299 760 compluribus

365 779 457 814 locis
485 779 596 824 [VIIL
623 779 654 819 5,
680 780 715 818 1;
751 776 885 818 XVIII,
904 778 940 817 3;
977 776 1092 818 XXII,
1119 776 1175 821 11]
1201 774 1441 821 praescribit,
1475 774 1710 818 ‘Falsiciam,
1743 773 1814 807 hoc
1849 775 1905 808 est
1937 775 2109 817 quartam
2143 772 2301 818 partem’

366 838 576 881 nominat.³)

480 907 532 941 Ex
558 904 692 941 Raetia
718 903 882 940 Curiensi
908 904 967 938 lex
992 903 1160 938 Romana
1184 902 1299 937 etiam
1325 901 1363 936 in
1389 904 1535 947 partem
1555 900 1690 936 Tirolis
1715 900 1968 936 meridionalis
1994 899 2175 945 migrasse
2202 899 2299 934 vide-

366 967 442 1007 tur;
468 977 553 1000 nam
579 964 612 999 ei
639 963 777 998 ibidem
803 975 889 997 usus
914 962 1065 1006 quidam
1092 960 1246 996 forensis
1273 959 1444 996 occurrit.

481 1036 584 1070 Duae
610 1034 762 1068 chartae
788 1032 894 1077 [1253
915 1032 976 1070 III,
998 1031 1054 1071 13;
1084 1031 1171 1065 1273
1189 1030 1251 1065 VI.
1269 1030 1328 1075 29]
1354 1042 1447 1074 quas
1465 1029 1689 1064 Voltelinius
1715 1029 1738 1063 l.
1760 1041 1788 1063 0.
1816 1041 1851 1073 p.
1873 1029 1938 1063 149
1965 1026 2159 1073 protraxit,
2185 1027 2297 1062 baxa-

367 1096 488 1128 turam
520 1093 741 1132 memorant,
773 1102 885 1133 quam
922 1088 1036 1123 etiam
1074 1089 1188 1123 codex
1216 1087 1451 1122 Fabariensis
1484 1087 1610 1122 habet.
1661 1087 1750 1122 Cum
1786 1085 1986 1121 donatione
2018 1085 2156 1120 cosculo
2189 1084 2302 1119 inter-

368 1149 552 1187 veniente'
576 1148 665 1183 iuris
685 1146 841 1182 Romani
868 1147 1063 1181 cohaerere
1089 1146 1246 1188 videtur,
1274 1145 1378 1180 cuius
1404 1157 1489 1179 usus
1516 1144 1553 1179 in
1580 1144 1864 1180 consuetudines
1886 1142 2170 1188 Francogalliae
2194 1141 2299 1177 meri-

368 1208 529 1244 dionalis
565 1206 726 1242 transiit.
784 1206 981 1240 Praeterea
1018 1204 1073 1238 ius
1113 1204 1237 1239 dotale
1274 1203 1313 1237 in
1351 1202 1523 1247 partibus
1558 1202 1693 1237 Tirolis
1729 1201 1886 1237 Italicae
1922 1201 2104 1236 nonnulla
2141 1212 2185 1236 ex
2223 1199 2302 1234 iure

370 1268 533 1302 Romano
565 1264 682 1299 mixta
714 1276 794 1298 cum
828 1261 1129 1297 institutionibus
1162 1260 1392 1297 Germanicis
1428 1260 1593 1305 praebet.
1645 1259 1749 1300 Quae
1787 1272 1832 1295 ex
1859 1260 2026 1295 Romano
2058 1258 2191 1299 habet,
2230 1269 2303 1292 non

368 1330 445 1361 tam
472 1337 515 1359 ex
534 1322 762 1358 Iustinianeo
788 1333 810 1355 a
834 1320 1104 1366 glossator-ibus
1129 1321 1293 1354 tractato
1320 1330 1430 1363 quam
1456 1331 1500 1354 ex
1526 1318 1719 1364 longaevis
1748 1317 1838 1353 iuris
1859 1317 2017 1352 Romani
2036 1316 2201 1362 vulgaris
2220 1327 2302 1351 con-

369 1381 627 1419 suetudinibus
658 1381 942 1416 emanaverunt,
980 1390 1075 1422 quae
1109 1377 1249 1423 partim
1284 1378 1367 1422 lege
1401 1376 1756 1411 Raetica-Curiensi
1791 1376 1972 1411 nituntur.
2028 1374 2197 1419 Denique
2231 1385 2304 1409 11011

369 1442 487 1476 solum
518 1440 700 1484 quaedam
733 1440 879 1472 statuta
904 1436 1075 1479 Raetica,
1108 1436 1171 1471 sed
1206 1435 1321 1471 etiam
1353 1435 1410 1469 ius
1437 1435 1627 1469 Tirolense
1653 1433 1792 1479 [privil.
1821 1433 2050 1479 Sigismundi
2083 1432 2171 1468 anni
2200 1433 2303 1474 1451;

371 1501 484 1535 const.
512 1498 612 1533 crim.
638 1495 889 1531 Maximiliani
915 1495 947 1537 I;
980 1494 1130 1529 constit.
1158 1496 1277 1529 terrae
1304 1492 1416 1527 Tirol.
1444 1492 1531 1528 011111
1561 1494 1663 1533 1532;
1699 1503 1909 1527 communes
1934 1490 2141 1527 sententiae
2168 1489 2303 1533 (Weis-

369 1559 503 1601 tiimer)
531 1554 752 1599 Tirolenses]
784 1553 822 1588 in
852 1552 929 1587 illis
962 1552 1192 1597 praeceptis,
1225 1552 1263 1586 in
1289 1551 1423 1595 quibus
1449 1550 1771 1585 matrimoniorum
1796 1550 1874 1585 sine
1901 1561 2076 1585 consensu
2102 1550 2303 1594 parentum

371 1617 646 1650 contractorum
670 1611 884 1647 auctoribus
909 1612 947 1645 et
972 1610 1081 1645 sociis
1106 1610 1215 1644 huius
1241 1609 1407 1644 criminis
1432 1620 1570 1654 poenas
1595 1610 1788 1651 statuunt,
1815 1620 1898 1643 cum
1923 1607 2002 1642 iure
2029 1606 2185 1651 antiquo
2211 1605 2305 1652 legis

372 1672 555 1708 Curiensis
582 1672 775 1706 cohaerere
803 1669 1018 1713 videnturfi)

488 1742 603 1776 Usum
638 1740 817 1774 forensem
849 1738 922 1785 legi
951 1739 1139 1773 Romanae
1167 1737 1334 1773 Curiensi
1368 1737 1406 1771 in
1432 1737 1555 1772 Tirole
1586 1735 1821 1772 meridionali
1846 1735 1959 1771 fuisse
1985 1733 2192 1770 Voltelinio
2217 1733 2256 1778 [l.
2276 1745 2305 1768 c.

373 1813 408 1846 p.
437 1800 501 1835 147
518 1799 583 1843 sq.]
611 1797 723 1833 etiam
750 1809 794 1832 ex
819 1796 1041 1841 quibusdam
1060 1795 1290 1831 documentis
1309 1794 1564 1830 Tirolensibus
1582 1793 1771 1839 apparuit,
1797 1793 1836 1828 in
1855 1792 1990 1838 quibus
2007 1791 2147 1829 notarii
2165 1791 2305 1826 saeculi

374 1859 471 1893 XIII.
496 1860 535 1892 et
559 1856 655 1891 XIV.
682 1855 779 1890 inter
805 1854 897 1889 alias
923 1854 1108 1889 clausulas
1135 1853 1275 1888 chartis
1302 1852 1417 1888 etiam
1443 1852 1761 1888 renuntiationem
1777 1852 1965 1896 quandam
1983 1850 2176 1895 ‘antiquae
2202 1848 2306 1884 iuris-

374 1915 548 1951 dictionis
575 1913 745 1949 Raetiae’
769 1912 1057 1959 adscripserunt.
1108 1912 1209 1953 Quae
1243 1912 1368 1957 glossa
1402 1923 1485 1946 cum
1517 1911 1595 1946 iure
1623 1909 1875 1945 Theodosiani
1905 1908 2059 1954 antiquo
2083 1907 2180 1943 nihil
2212 1919 2307 1943 com-

372 1986 482 2009 mune
507 1973 644 2008 habere
671 1972 826 2007 videtur.
875 1971 972 2005 Nam
1005 1970 1096 2005 haec
1129 1970 1242 2005 verba
1272 1981 1343 2004 non
1370 1972 1456 2004 sunt
1479 1969 1672 2004 referenda
1704 1969 1751 2003 ad
1777 1968 1872 2003 illud
1896 1967 1986 2002 iuris
2011 1965 2307 2003 Anteiustiuiani

376 2034 631 2079 praeceptum,
666 2043 738 2075 quo
768 2029 872 2064 uxori
905 2031 990 2075 post
1015 2032 1170 2064 mortem
1195 2027 1324 2063 mariti
1355 2027 1394 2062 in
1421 2029 1581 2062 savorem
1608 2026 1807 2062 liberorum
1833 2024 2046 2062 donationis
2071 2024 2307 2069 omniumque

374 2103 504 2132 rerum,
523 2101 615 2134 quas
634 2088 689 2123 vir
708 2088 740 2124 ei
762 2088 964 2129 dimiserat,
990 2087 1089 2122 solus
1116 2086 1345 2121 ususfructus
1365 2085 1677 2126 constituebatur,
1704 2084 1811 2128 eique
1837 2083 1868 2119 si
1894 2084 1941 2119 ad
1959 2083 2137 2119 secundas
2154 2081 2308 2127 nuptias

375 2160 592 2195 processura
617 2148 722 2189 esset,
749 2146 1015 2190 imperabatur,
1041 2147 1083 2179 ut
1108 2145 1201 2180 haec
1225 2143 1348 2179 omnia
1366 2143 1495 2179 liberis
1520 2142 1630 2189 primi
1658 2142 1835 2177 consortii
1860 2141 2077 2178 restitueret
2096 2141 2148 2185 [L.
2164 2141 2206 2176 R.
2225 2139 2307 2175 Cur.

375 2208 439 2249 III,
457 2207 494 2248 9;
521 2205 617 2247 XXI,
638 2205 681 2250 1],
707 2204 771 2240 sed
796 2206 838 2238 ut
866 2204 974 2238 Besta
1000 2202 1095 2248 [Riv.
1115 2203 1159 2238 It.
1179 2202 1328 2243 XXXV,
1347 2203 1415 2237 ‘292
1426 2202 1489 2246 sq.]
1516 2200 1726 2246 nuperrime
1753 2203 1882 2236 contra
1899 2199 2144 2235 Voltelinium
2162 2199 2307 2234 demon-

377 2264 527 2305 stravit,
566 2264 679 2298 verba
710 2262 804 2296 nihil
841 2261 944 2296 aliud
977 2272 1087 2305 quam
1123 2259 1350 2306 prooemium
1385 2259 1487 2294 illius
1524 2257 1803 2294 constitutionis
1836 2257 2038 2294 Iustiniani
2071 2255 2308 2302 imperatoris

378 2322 430 2368 [C.
448 2321 556 2363 LIV,
575 2322 629 2362 29,
648 2320 707 2365 23]
740 2322 841 2361 sunt,
873 2331 947 2364 qua
973 2318 1177 2364 imperator
1208 2317 1470 2364 dispositiones
1496 2317 1565 2352 Sci.
1592 2317 1779 2352 Velleiani
1811 2315 1984 2351 mutavit.
2034 2315 2096 2352 Illi
2129 2304 2309 2350 beneficio

380 2379 655 2415 constitutionis
679 2377 878 2422 ‘Antiquae
903 2376 1171 2412 iurisdictionis
1194 2374 1300 2412 retia'
1324 2375 1461 2412 notarii
1485 2375 1514 2410 T
1518 2375 1694 2411 irolenses
1718 2374 1918 2410 clientibus
1944 2373 2029 2416 suis,
2054 2374 2097 2408 ut
2121 2371 2308 2408 renuntia-

379 2441 472 2481 rent,
499 2438 774 2483 persuaserunt.

496 2508 587 2543 Cum
616 2505 807 2542 Breviario
839 2506 955 2541 etiam
990 2504 1209 2551 compilatio
1242 2503 1506 2539 Gaudenziana
1519 2505 1546 2548 ⁵)
1583 2502 1832 2548 comparanda
1866 2504 1934 2544 est,
1970 2513 2081 2546 quam
2111 2499 2148 2535 in
2174 2499 2312 2535 finibus

380 2566 597 2602 Provinciae
624 2564 912 2610 Ostrogothicae
947 2566 1033 2599 ante
1063 2563 1252 2598 saeculum
1282 2573 1419 2596 nonum
1450 2564 1569 2596 ortam
1595 2573 1671 2597 esse
1699 2560 1879 2596 Com-atus
1912 2561 2068 2605 putam)
2117 2559 2159 2594 In
2190 2556 2312 2604 prima

380 2624 490 2660 huius
516 2622 747 2659 collectionis
773 2624 879 2668 parte
905 2621 978 2656 fere
1005 2623 1125 2656 tot-um
1144 2619 1285 2655 Alarici
1303 2619 1625 2654 commonitorium
1649 2618 1798 2654 nomine
1815 2617 1924 2653 huius
1949 2617 2047 2663 regis
2066 2627 2151 2652 vero
2177 2614 2311 2651 omisso

382 2685 551 2729 apparet,
578 2693 607 2716 0.
626 2682 646 2716 9
672 2683 710 2716 et
730 2681 769 2715 17
797 2680 982 2715 affinitate
1008 2691 1090 2713 cum
1115 2677 1438 2723 interpretationis
1455 2677 1713 2723 Visigothicae
1739 2676 1787 2711 ad
1814 2676 1869 2711 ΒΥ.
1891 2675 1958 2710 ’1“11.
1977 2674 2039 2717 IV,
2057 2674 2088 2717 6,
2110 2676 2126 2708 1
2153 2675 2192 2709 et
2215 2672 2311 2708 Nov.

502 2813 527 2853 ¹)
554 2813 603 2845 ed.
631 2813 774 2844 Zeumer
800 2813 834 2844 in
859 2813 905 2844 M.
925 2813 964 2844 G.
982 2813 1050 2844 LL.
1070 2812 1109 2853 V,
1127 2809 1193 2843 441
1203 2822 1253 2853 sq.
1294 2811 1362 2843 Cfr.
1389 2810 1515 2842 Stobbe
1540 2807 1668 2849 1,206;
1695 2809 1822 2841 Conrat
1846 2809 1872 2847 1,
1889 2806 1974 2848 2923
2000 2804 2209 2840 Schroeder⁴
2233 2802 2312 2838 252.

501 2871 528 2914 2)
554 2872 679 2904 Stobbe
704 2872 730 2910 I,
749 2869 855 2911 20753
882 2872 1025 2903 Zeumer
1051 2870 1189 2902 ZfRG.2
1214 2869 1273 2909 IX,
1294 2867 1354 2910 49;
1382 2869 1510 2900 Com-at
1534 2869 1559 2909 Ι,
1579 2866 1667 2899 2934
1685 2866 1716 2889 et
1735 2866 1758 2899 ⁵.

501 2929 527 2970 ³)
552 2930 773 2968 Wartmann,
805 2929 1086 2961 Urkundenbuch
1118 2928 1176 2962 der
1208 2927 1307 2960 Abtei
1338 2928 1385 2959 St.
1419 2926 1543 2958 Gallen
1568 2926 1609 2964 II,
1636 2923 1679 2957 41
1705 2925 1767 2957 No.
1794 2923 1879 2966 4213
1913 2925 2071 2956 Brunner
2104 2922 2140 2955 in
2172 2921 2313 2955 ZfRG.²

383 2977 440 3017 IV,
459 2974 542 3014 2653
568 2977 712 3008 Zeumer
737 2975 860 3008 ibidem
887 2976 946 3015 IX,
966 2974 1018 3007 12.

502 3034 528 3076 ⁴²)
554 3034 715 3066 Voltelini
733 3034 768 3065 in
786 3034 904 3066 Xeniis
923 3033 1117 3076 Biidingero
1135 3033 1256 3064 oblatis
1274 3043 1303 3075 p.
1319 3029 1398 3064 340.
1436 3031 1530 3063 Idem
1548 3031 1582 3062 in
1595 3030 1733 3063 IOeGF.
1751 3033 1830 3061 tom.
1849 3027 1960 3070 suppl.
1977 3028 2034 3067 VI,
2053 3025 2116 3060 157
2129 3024 2193 3068 ³²⁸,
2215 3023 2278 3058 158
2290 3024 2311 3057 ¹.

503 3091 528 3133 ⁶)
555 3093 653 3133 Quae
678 3091 718 3122 de
743 3091 807 3123 hac
832 3091 1068 3133 compilatione
1100 3090 1253 3122 homines
1279 3089 1368 3121 docti
1402 3089 1626 3131 scripserunt,
1661 3088 1720 3120 cfr.
1747 3087 1840 3130 apud
1865 3087 2002 3119 Patetta
2028 3086 2100 3118 AG.
2126 3084 2216 3125 LIII,
2233 3082 2255 3116 3
2280 3087 2314 3116 et

386 3139 537 3172 Schmidt
561 3137 703 3171 szG.²
728 3138 819 3179 XVI,
845 3136 913 3169 ⁸235
927 3148 976 3178 sq.

502 3195 529 3236 ⁶)
555 3196 680 3227 Conrat
705 3197 728 3234 I,
755 3193 834 3227 234.
882 3195 962 3226 Post
988 3195 1225 3227 Gaudcnzium
1258 3194 1379 3225 iterum
1412 3193 1546 3224 Patetta
1571 3191 1593 3224 1.
1620 3201 1648 3223 0.
1678 3189 1719 3223 10
1744 3201 1793 3232 sq.
1831 3190 1997 3233 originem
2023 3189 2176 3222 Italicam
2212 3187 2313 3219 huius

386 3242 633 3285 compilationis
665 3241 830 3281 defendit,
861 3242 919 3273 sed
949 3246 1039 3273 recte
1070 3241 1099 3272 ei
1126 3241 1279 3273 Schmidt
1302 3240 1324 3272 1.
1343 3250 1372 3272 0.
1397 3239 1599 3271 obversatus
1624 3237 1871 3269 demonstravit
1905 3236 2055 3268 codicem
2082 3234 2313 3267 Holkhamen-

386 3301 472 3331 sem,
497 3300 539 3320 ex
564 3299 631 3329 quo
656 3288 874 3320 Gaudcnzius
899 3298 973 3320 eam
999 3288 1118 3327 edidit,
1149 3297 1253 3319 manu
1278 3285 1539 3327 Langobardica
1564 3284 1726 3326 seriptum
1751 3283 1976 3325 archetypum
2002 3280 2211 3315 collectionis
2238 3290 2310 3312 non

385 3346 458 3368 esse
482 3335 683 3376 copiamque
708 3334 789 3366 iuris
807 3334 1008 3376 Visigothici
1034 3335 1312 3375 fragmentorum,
1331 3332 1455 3374 quibus
1474 3331 1619 3371 excellit,
1645 3330 1748 3362 alIam
1773 3330 1939 3372 originem
1964 3328 2124 3361 indicare.
2168 3326 2308 3358 Halban

388 3384 430 3421 ΙΙ,
457 3380 523 3413 343
548 3381 698 3423 opinioni
725 3381 861 3412 Conrati
887 3391 922 3412 se
948 3380 1115 3412 adiunxit.
