2501 3615
1012 147 1056 153 —
1104 127 1192 163 XIII
1240 149 1284 154 —

230 275 234 278 ι
302 229 580 265 Theodosianus
612 231 757 264 constat
791 241 835 265 ex
866 229 971 264 libris
1004 230 1179 271 sedecim,
1215 230 1352 277 singuli
1384 231 1471 267 libri
1505 244 1549 268 ex
1582 235 1682 268 certo
1714 244 1864 269 numero
1899 233 2104 275 titulorum,

183 287 318 324 titulus
348 298 392 322 ex
427 289 527 322 certo
557 298 708 322 numero
734 286 1052 322 constitutionum.
1102 287 1220 323 Tit-uli
1253 289 1434 324 vocabulo
1471 292 1512 325 ut
1543 289 1622 335 ipse
1648 290 1763 326 Theo-

183 345 308 382 dosius
331 344 471 390 passim
494 344 615 379 utitur
630 344 675 387 (1,
692 344 721 381 1,
736 345 756 377 5
770 363 813 369 -
830 345 858 385 1,
876 345 903 384 1.
919 345 940 379 6
956 364 997 370 —
1012 348 1119 390 gesta
1145 357 1174 380 c.
1191 346 1213 380 4
1230 347 1324 391 cet.),
1351 346 1405 382 ita
1429 345 1465 381 in
1491 347 1652 392 corporis
1671 347 1764 382 ordi-

182 402 334 438 natione
366 401 407 436 id
430 413 502 436 non
527 400 714 446 reperitur
738 404 825 437 ante
850 401 1017 437 rubricas
1050 401 1086 436 in
1122 403 1199 438 ullo
1224 415 1267 438 ex
1293 403 1427 438 nostris
1458 403 1562 439 libris
1590 404 1764 448 TRVW‚·
1829 414 1831 436 ι

182 459 366 506 reperitur
395 458 434 493 in
465 458 840 504 superscriptionibus
872 459 919 493 ad
954 470 1054 494 oram
1084 459 1244 505 paginae
1276 460 1501 506 superiorein
1527 460 1705 497 librorum
1734 462 1806 496 TV
1834 463 1871 497 in
1903 463 1968 499 illo
1995 457 2035 504 T,
2068 464 2105 499 in

182 517 254 553 hoc
279 515 312 551 P:
336 517 395 560 (=
412 515 570 559 rubrica)
595 519 770 560 sequente
797 515 834 550 in
860 518 1015 560 utroque
1042 528 1200 551 numero.
1246 517 1427 553 Breviarii
1453 530 1597 563 quoque
1623 518 1710 554 libri
1738 519 1959 556 vetustiores
1985 521 2111 555 HPM

182 573 306 610 titulis
331 584 500 608 numeros
525 572 621 607 solos
642 572 910 617 praescribunt,
936 572 1006 607 nisi
1024 573 1121 617 quod
1148 584 1218 607 uno
1244 574 1324 608 loco
1350 574 1412 609 1.4
1438 574 1495 610 tit.
1517 575 1570 615 21,
1597 576 1661 611 ubi
1681 575 1724 610 H
1744 580 1892 621 praeter
1917 580 2106 613 consuetu-

184 631 308 666 dinem
336 629 375 664 in
398 629 520 665 medio
547 641 652 665 versu
679 628 866 664 rubricam
891 628 1043 673 incipit.
1076 629 1109 664 ei
1140 630 1376 675 praescripsit
1404 631 1446 665 K
1466 632 1526 674 (=
1544 631 1706 676 kaput&
1734 652 1776 658 —
1801 633 1955 679 Singula
1980 634 2107 679 capita

183 689 287 725 dicta
317 699 395 725 esse
428 688 699 722 constitutiones
736 686 890 721 dubium
927 697 998 721 non
1028 688 1101 722 est.
1139 698 1363 731 quamquam
1398 689 1434 722 in
1467 688 1823 734 praescriptionibus
1858 690 1896 724 id
1927 703 2105 736 nusquam

183 745 332 792 legitur.
381 745 456 780 Lex
480 743 785 790 Burgundionum
810 743 977 778 Romana
1003 742 1068 778 ubi
1094 743 1391 779 Theodosianum
1418 745 1527 786 citat,
1561 746 1689 791 capita
1715 749 1940 789 constanter,
1971 751 2013 783 ut
2044 760 2108 783 nos

184 801 455 842 consuevimus,
488 802 578 847 ques
609 801 792 846 appellat,
819 812 902 835 cum
934 800 972 835 in
997 800 1224 846 Gregoriano
1250 803 1287 836 et
1313 801 1608 848 Hermogeniano
1635 803 1794 838 citandis
1818 805 2107 840 constitutionum

184 859 407 896 vocabulum
432 858 650 904 praevaleat
677 858 746 902 (14,
763 859 792 898 1,
813 858 832 892 7
859 857 904 892 cf.
929 857 960 898 3,
980 857 1026 902 2).

1895 327 2002 360 Tituli
2027 332 2061 360 et

1845 373 2104 406 constitutiones

298 927 439 964 Titulis
460 927 604 963 numeri
622 926 684 962 vix
709 926 932 972 praescripti
957 927 1105 963 fuerunt
1130 927 1168 962 in
1187 928 1406 973 archetypo;
1432 939 1518 963 nain
1543 928 1655 964 codex
1679 929 1712 963 V
1726 940 1786 964 eos
1809 942 1976 966 numeros
1993 931 2108 966 habet

183 985 223 1021 in
247 986 270 1020 1.
288 985 388 1020 XIII.
414 985 532 1020 XIIII.
558 984 625 1019 XV
652 984 699 1019 ab
725 983 961 1019 emendatore
995 983 1177 1026 adiectos,
1210 984 1246 1019 in
1270 985 1293 1019 l.
1312 984 1397 1019 XVI
1422 985 1543 1020 nullos
1569 987 1606 1020 et
1631 986 1763 1021 desunt
1794 986 1907 1022 etiam
1938 987 1999 1022 hic
2029 987 2108 1023 illic

183 1043 223 1078 in
243 1043 300 1078 W.
350 1041 603 1078 Gromaticum
628 1052 760 1086 corpus
785 1042 832 1086 (p.
851 1041 934 1084 267)
959 1040 1055 1076 citat
1081 1053 1124 1077 ex
1149 1041 1300 1076 seeundo
1324 1042 1410 1075 libro
1434 1042 1535 1076 titulo
1563 1042 1692 1085 finium
1715 1043 1964 1087 reynadorwn.
2015 1046 2107 1081 Item

182 1101 244 1138 lex
267 1100 435 1136 Romana
457 1097 762 1144 Burgundionum
788 1097 826 1132 in
855 1098 1074 1144 adlegandis
1101 1098 1349 1134 Theodosiani
1376 1099 1499 1134 titulis
1525 1099 1741 1144 plerumque
1773 1101 1959 1136 rubricam
1989 1102 2106 1147 ponit,

182 1169 256 1194 uno
279 1157 358 1193 solo
382 1157 464 1192 loco
489 1157 535 1200 (l,
552 1156 589 1200 3)
619 1167 820 1192 numerum.
870 1155 898 1190 E
928 1155 1112 1191 contrario
1142 1155 1284 1191 numeri
1317 1158 1529 1192 constanter
1553 1157 1775 1202 praescripti
1808 1161 1892 1194 sunt
1924 1158 1962 1193 in
1987 1159 2021 1193 V
2043 1171 2108 1204 per

182 1213 298 1250 libros
314 1212 552 1248 VIIII—XII
584 1223 606 1247 a
635 1223 747 1248 manu
781 1211 902 1257 prima
937 1214 975 1248 et
1006 1211 1139 1247 ubiubi
1174 1212 1309 1248 adsunt
1340 1212 1378 1247 in
1407 1212 1485 1248 ΕΤ.
1535 1212 1697 1249 Theudis
1731 1225 1794 1249 rex
1812 1214 2106 1261 Wisigothorum

182 1270 305 1317 legem
329 1281 433 1305 suam
458 1269 503 1305 de
527 1269 652 1304 litium
677 1268 847 1314 expensis
872 1268 984 1304 inseri
1008 1268 1113 1305 iubet
1137 1268 1247 1304 huius
1273 1269 1366 1315 legis
1395 1270 1481 1304 libro
1506 1273 1631 1313 quarto
1651 1270 1715 1304 sub
1738 1271 1838 1305 titulo
1864 1271 1971 1306 XVI.

300 1337 594 1374 Constitutiones
618 1349 684 1383 per
700 1336 831 1372 titulos
856 1348 928 1372 non
953 1339 1194 1373 numerantur
1219 1336 1257 1371 in
1276 1337 1320 1379 R,
1350 1340 1589 1373 numerantur
1615 1337 1653 1372 in
1675 1337 1960 1383 Wplerumque,
1986 1338 2022 1373 in
2046 1338 2106 1373 VJ

183 1398 222 1433 et
243 1394 567 1432 Halberstadiensi
598 1395 819 1430 constanter.
869 1394 919 1429 At
944 1393 1081 1429 afuisse
1107 1405 1168 1429 005
1197 1405 1366 1429 numeros
1401 1394 1448 1429 ab
1481 1394 1683 1439 exemplari
1708 1394 1957 1430 Theodosiani
1988 1407 2010 1430 a
2035 1407 2107 1440 quo

183 1453 323 1500 pendet
347 1452 461 1489 codex
479 1452 518 1494 V,
546 1452 632 1488 inde
658 1451 866 1497 colligitur,
892 1451 991 1495 quod
1017 1450 1082 1486 ubi
1106 1450 1137 1485 is
1162 1451 1245 1486 hiat
1271 1453 1327 1493 (ut
1355 1452 1406 1493 14,
1423 1452 1475 1493 11,
1491 1452 1511 1486 2
1538 1455 1575 1487 et
1602 1452 1653 1493 16,
1667 1453 1700 1494 4,
1715 1453 1749 1496 6)
1775 1452 1916 1487 numeri
1941 1452 2108 1488 hiatibus

184 1509 317 1546 celatis
342 1509 620 1550 continuantur;
650 1508 742 1544 item
766 1508 814 1543 ab
839 1519 901 1549 οο,
931 1507 978 1542 ad
1004 1507 1103 1552 quod
1127 1508 1186 1543 lex
1213 1508 1377 1543 Romana
1402 1508 1705 1553 Burgundionum
1730 1509 1888 1544 formata
1914 1512 1989 1551 est,
2024 1509 2107 1545 inde

182 1566 430 1614 intellegitur,
455 1566 556 1612 quod
579 1565 618 1600 in
643 1565 768 1611 capite
791 1564 942 1601 citando
958 1564 1010 1610 (id
1029 1565 1127 1609 quod
1145 1565 1360 1601 enuntiatur
1379 1568 1591 1601 constanter
1609 1578 1723 1610 usque
1749 1567 1797 1601 ad
1822 1566 1880 1602 tit.
1898 1567 1950 1608 14,
1976 1569 2107 1612 postea

183 1625 297 1661 semel
321 1626 470 1660 tantum
485 1624 540 1665 22,
557 1624 592 1667 6)
617 1623 737 1659 utitur
760 1622 973 1658 nominibus
998 1622 1264 1667 imperatorum
1283 1623 1340 1658 vel
1367 1623 1664 1668 magistratuum.
1708 1624 1838 1668 Itaque
1856 1623 2011 1658 dubium
2035 1635 2107 1658 non

184 1681 242 1715 est
265 1691 327 1716 eos
350 1691 521 1716 numeros
545 1693 568 1716 a
584 1679 750 1716 librariis
767 1679 960 1726 proficisci.
998 1679 1204 1715 Secundum
1223 1691 1392 1715 numeros
1411 1679 1695 1716 constitutiones
1716 1680 1880 1716 citantur
1902 1680 1940 1714 in
1957 1680 2107 1715 scholiis

185 1737 379 1774 Sinaiticis
395 1739 490 1782 (c.2:
517 1738 557 1773 ἐν
581 1739 633 1784 τῷ
655 1735 690 1782 γ’
714 1737 835 1782 βιβλίῳ
862 1738 926 1771 τοῦ
943 1736 1183 1772 Θεοδοσιανοῦ
1207 1736 1357 1774 κώδικος
1384 1736 1485 1782 τίτλῳ
1511 1735 1552 1771 ιε’
1576 1737 1599 1781 η’
1624 1734 1665 1771 ιε’
1692 1739 1754 1771 τοῦ
1779 1737 1897 1771 τίτλου
1922 1737 2104 1782 διάταξις).

299 1805 475 1842 Ordinem
496 1818 627 1849 rerum,
653 1806 854 1842 secundum
872 1816 982 1850 quem
1006 1805 1290 1841 constitutiones
1308 1804 1509 1850 dispositae
1535 1808 1630 1847 sunt,
1656 1805 1788 1840 tabula
1812 1805 1978 1841 declarat
1995 1817 2106 1849 quam

185 1862 338 1898 subieci.
379 1863 503 1899 Primo
529 1863 656 1900 ordine
681 1863 728 1899 ad
753 1863 866 1899 libros
891 1863 1040 1897 1-1111
1066 1862 1256 1908 adscripta
1281 1865 1367 1897 sunt
1392 1874 1486 1906 quae
1511 1861 1668 1897 rubricis
1688 1862 1937 1898 Theodosiani
1961 1874 2107 1907 respon-

186 1919 275 1956 dent
299 1920 428 1966 capita
452 1921 568 1957 edicti
592 1920 774 1967 praetoris
798 1920 944 1961 urbani,
970 1920 1068 1964 quod
1092 1919 1167 1955 iam
1184 1919 1363 1955 habemus
1381 1919 1649 1964 quodammodo
1666 1919 1872 1955 redivivum
1897 1919 1935 1953 in
1957 1918 2106 1964 egregio

185 1988 295 2022 opere
312 1977 465 2020 Lenelii,
491 1978 538 2014 ad
556 1978 776 2014 Lenelianos
801 1977 932 2013 titulos
957 1977 1169 2023 capitaque.
1211 1977 1397 2012 Secundus
1422 1977 1509 2012 ordo
1534 1977 1591 2011 vel
1617 1976 1701 2012 inde
1726 1988 1749 2012 a
1773 1977 1796 2011 1.
1812 1977 1845 2010 V
1863 1976 2002 2021 primus
2026 1988 2106 2011 con-

185 2033 402 2071 stitutiones
425 2035 568 2071 indicat
589 2047 635 2072 ex
652 2034 878 2081 Gregoriano
904 2034 1019 2077 (edito
1048 2034 1179 2079 opinor
1203 2046 1235 2069 a.
1254 2035 1335 2077 295)
1360 2034 1563 2068 translatas
1585 2033 1622 2068 in
1646 2033 1901 2075 Iustinianum,
1925 2036 2107 2078 quatenus

185 2091 362 2138 leguntur
378 2092 434 2128 ibi
451 2093 518 2128 sub
535 2092 694 2128 rubricis
710 2104 806 2137 quae
823 2091 1090 2128 Theodosianis
1106 2091 1340 2136 respondent.
1385 2091 1480 2126 Ordo
1498 2090 1562 2135 qui
1580 2090 1755 2135 sequitur,
1778 2091 1826 2125 ad
1842 2102 1951 2134 quem
1974 2089 2108 2134 reliqui

187 2148 350 2185 ordinati
368 2152 464 2192 sunt,
489 2149 596 2186 nobis
613 2152 670 2186 est
687 2149 894 2196 primarius,
921 2148 1066 2184 scilicet
1083 2148 1261 2183 exhibens
1281 2146 1528 2184 Theodosiani
1545 2147 1710 2182 rubricas
1727 2147 1789 2182 hic
1806 2146 1886 2182 illic
1905 2146 2106 2182 breviatas-

186 2207 382 2243 Extremus
408 2206 567 2252 denique
590 2208 848 2253 repraesentat
864 2205 1030 2241 rubricas
1049 2204 1245 2240 Iustiniani
1270 2205 1439 2240 redactas
1457 2204 1505 2239 ad
1523 2204 1769 2240 Theodosiani
1787 2203 1966 2244 ordinem;
1995 2204 2108 2239 verba

186 2263 253 2300 ubi
275 2263 461 2306 differunt,
487 2264 635 2310 potiora
657 2263 914 2305 indicavimus,
940 2262 1093 2307 reliquis
1110 2264 1237 2298 notam
1255 2261 1494 2307 apposuimus
1513 2260 1785 2307 significantem
1808 2272 1852 2297 ea
1875 2261 2002 2297 eadem
2028 2272 2105 2295 esse

188 2320 248 2357 vel
270 2321 346 2357 fere
371 2321 510 2357 eadem.

250 2573 470 2610 EDICTVM
583 2571 930 2609 GREGORIANVS
1069 2568 1439 2606 THEODOSIANVS
1680 2567 1845 2603 IVSTIN
1848 2566 1932 2602 IAN
1938 2567 1993 2601 VS

789 2659 1118 2697 THEODOSIANI
1151 2658 1293 2694 LIBER
1323 2658 1504 2694 PRIMVS

1002 2741 1018 2776 1
1046 2740 1090 2775 (10
1139 2738 1467 2775 constitutionibus
1561 2739 1650 2780 1,14
1675 2738 1718 2774 de
1745 2737 1890 2783 legibus
1916 2739 1953 2772 et
1975 2736 2107 2772 consti-

546 2752 549 2792 Ι
1046 2796 1256 2842 principum
1282 2798 1320 2831 et
1345 2795 1477 2831 edictis
1627 2793 1835 2830 tutionibus
1896 2793 2105 2838 principum

545 2796 550 2919 i
1629 2855 1667 2887 et
1691 2850 1823 2887 edictis

566 2915 655 2950 lust.
675 2915 704 2956 1,
721 2914 773 2955 19,
790 2914 806 2948 1
822 2934 864 2939 —
1001 2913 1022 2947 2
1047 2912 1092 2947 de
1117 2909 1271 2945 diversis
1297 2909 1487 2955 rescriptis
1563 2910 1591 2951 1,
1605 2908 1650 2943 23
1675 2908 1720 2943 de
1737 2906 1891 2942 diversis
1916 2906 2107 2951 rescriptis

615 2973 644 3013 1,
658 2972 713 3013 21,
729 2972 745 3005 1
760 2970 804 3014 (Ρ)
821 2989 863 2995 —-
1629 2966 1667 2999 ct
1685 2963 1928 3010 pragmaticis
1948 2963 2106 2998 sanctio-

615 3029 645 3070 1,
657 3029 712 3069 22,
729 3029 757 3062 1.
773 3027 846 3061 2-
1630 3021 1737 3056 nibus

548 3080 550 3085 ’
616 3086 645 3126 1,
660 3085 713 3127 23,
733 3084 820 3120 1—3

548 3098 551 3124 Ι

548 3127 551 3149 ¹
1004 3140 1025 3174 3
1050 3140 1094 3174 (10
1112 3137 1297 3174 mandatis
1317 3136 1526 3183 principum
1565 3136 1593 3175 l,
1611 3135 1651 3169 15
1678 3150 1720 3164 τε

549 3170 553 3232 i
1003 3197 1026 3232 4
1051 3196 1094 3231 de
1142 3194 1326 3240 responsis
1372 3194 1526 3239 pruden-
1564 3193 1594 3236 1,
1612 3192 1652 3226 17
1679 3191 1722 3225 de
1757 3189 1872 3225 veteri
1909 3189 1986 3224 iure
2024 3201 2107 3224 enu-

550 3233 554 3285 1
866 3270 868 3273 v
1051 3253 1146 3288 tium
1632 3247 1784 3283 cleando
1815 3248 1853 3282 et
1883 3244 2108 3281 auctoritate

551 3292 556 3358 Ι
670 3316 672 3318 ’
1632 3304 1722 3340 iuris
1747 3303 1983 3349 prudentium
2009 3306 2067 3337 cet.
