<?xml version="1.0" encoding="UTF-8"?>
<!DOCTYPE html PUBLIC "-//W3C//DTD XHTML 1.0 Transitional//EN"
    "http://www.w3.org/TR/xhtml1/DTD/xhtml1-transitional.dtd">
<html xmlns="http://www.w3.org/1999/xhtml" xml:lang="en" lang="en">
 <head>
  <title>
</title>
<meta http-equiv="Content-Type" content="text/html;charset=utf-8" />
  <meta name='ocr-system' content='tesseract 3.04.00' />
  <meta name='ocr-capabilities' content='ocr_page ocr_carea ocr_par ocr_line ocrx_word'/>
</head>
<body>
  <div class='ocr_page' id='page_1' title='image "./theodosianilibri00codeuoft_0121.png"; bbox 0 0 2501 3615; ppageno 0'>
   <div class='ocr_carea' id='block_1_1' title="bbox 1027 165 1305 200">
    <p class='ocr_par' dir='ltr' id='par_1_1' title="bbox 1027 165 1305 200">
     <span class='ocr_line' id='line_1_1' title="bbox 1027 165 1305 200; baseline 0.007 -1"><span class='ocrx_word' id='word_1_1' title='bbox 1027 165 1305 200; x_wconf 70' lang='lat' dir='ltr'>—va—</span> 
     </span>
    </p>
   </div>
   <div class='ocr_carea' id='block_1_2' title="bbox 338 264 403 305">
    <p class='ocr_par' dir='ltr' id='par_1_2' title="bbox 338 264 403 305">
     <span class='ocr_line' id='line_1_2' title="bbox 338 264 369 305; textangle 90"><span class='ocrx_word' id='word_1_2' title='bbox 338 264 369 305; x_wconf 45' lang='grc' dir='ltr'><strong><em>ἓ</em></strong></span> 
     </span>
     <span class='ocr_line' id='line_1_3' title="bbox 383 270 403 298; textangle 90"><span class='ocrx_word' id='word_1_3' title='bbox 383 270 403 298; x_wconf 72' lang='lat' dir='ltr'>or</span> 
     </span>
    </p>
   </div>
   <div class='ocr_carea' id='block_1_3' title="bbox 388 264 1683 373">
    <p class='ocr_par' dir='ltr' id='par_1_3' title="bbox 388 264 1683 373">
     <span class='ocr_line' id='line_1_4' title="bbox 388 264 778 309; baseline 0.008 -11"><span class='ocrx_word' id='word_1_4' title='bbox 388 264 414 301; x_wconf 54' lang='grc' dir='ltr'>ἶ</span> <span class='ocrx_word' id='word_1_5' title='bbox 429 265 460 304; x_wconf 86' lang='lat'>5,</span> <span class='ocrx_word' id='word_1_6' title='bbox 475 265 516 299; x_wconf 70' lang='lat'>*4</span> <span class='ocrx_word' id='word_1_7' title='bbox 564 264 631 309; x_wconf 79' lang='lat' dir='ltr'>ita]</span> <span class='ocrx_word' id='word_1_8' title='bbox 659 265 711 300; x_wconf 75' lang='lat' dir='ltr'>ita</span> <span class='ocrx_word' id='word_1_9' title='bbox 738 268 778 301; x_wconf 79' lang='lat' dir='ltr'>ut</span> 
     </span>
     <span class='ocr_line' id='line_1_5' title="bbox 476 322 1683 373; baseline 0.007 -17"><span class='ocrx_word' id='word_1_10' title='bbox 476 322 515 357; x_wconf 72' lang='lat'>*9</span> <span class='ocrx_word' id='word_1_11' title='bbox 564 323 801 370; x_wconf 80' lang='lat' dir='ltr'>abductione]</span> <span class='ocrx_word' id='word_1_12' title='bbox 829 325 1041 362; x_wconf 76' lang='lat' dir='ltr'>addictione</span> <span class='ocrx_word' id='word_1_13' title='bbox 1067 332 1087 362; x_wconf 83' lang='grc'>2</span> <span class='ocrx_word' id='word_1_14' title='bbox 1110 329 1213 370; x_wconf 85' lang='lat' dir='ltr'>(corr.</span> <span class='ocrx_word' id='word_1_15' title='bbox 1238 340 1279 364; x_wconf 67' lang='lat' dir='ltr'>ca:</span> <span class='ocrx_word' id='word_1_16' title='bbox 1303 331 1340 373; x_wconf 89' lang='lat'>3)</span> <span class='ocrx_word' id='word_1_17' title='bbox 1364 329 1462 371; x_wconf 64' lang='lat' dir='ltr'>(inde</span> <span class='ocrx_word' id='word_1_18' title='bbox 1481 329 1556 364; x_wconf 71' lang='lat' dir='ltr'>Cui.</span> <span class='ocrx_word' id='word_1_19' title='bbox 1578 331 1683 365; x_wconf 78' lang='grc'>1586)</span> 
     </span>
    </p>
   </div>
   <div class='ocr_carea' id='block_1_4' title="bbox 335 380 1380 771">
    <p class='ocr_par' dir='ltr' id='par_1_4' title="bbox 336 380 1045 429">
     <span class='ocr_line' id='line_1_6' title="bbox 336 380 1045 429; baseline 0.007 -15"><span class='ocrx_word' id='word_1_20' title='bbox 336 380 367 418; x_wconf 85' lang='lat'>4,</span> <span class='ocrx_word' id='word_1_21' title='bbox 385 380 437 420; x_wconf 90' lang='grc'>10,</span> <span class='ocrx_word' id='word_1_22' title='bbox 454 381 482 420; x_wconf 86' lang='grc'>1,</span> <span class='ocrx_word' id='word_1_23' title='bbox 495 382 516 416; x_wconf 84' lang='grc'>5</span> <span class='ocrx_word' id='word_1_24' title='bbox 567 380 838 428; x_wconf 82' lang='lat' dir='ltr'>dicionemque]</span> <span class='ocrx_word' id='word_1_25' title='bbox 866 384 1045 429; x_wconf 86' lang='lat' dir='ltr'>[ditionis]</span> 
     </span>
    </p>

    <p class='ocr_par' dir='ltr' id='par_1_5' title="bbox 335 437 1380 542">
     <span class='ocr_line' id='line_1_7' title="bbox 335 437 1380 488; baseline 0.007 -17"><span class='ocrx_word' id='word_1_26' title='bbox 335 437 367 474; x_wconf 83' lang='lat'>4.</span> <span class='ocrx_word' id='word_1_27' title='bbox 386 437 437 478; x_wconf 83' lang='lat'>13,</span> <span class='ocrx_word' id='word_1_28' title='bbox 454 439 482 477; x_wconf 83' lang='lat'>1,</span> <span class='ocrx_word' id='word_1_29' title='bbox 502 438 516 473; x_wconf 93' lang='lat' dir='ltr'>l</span> <span class='ocrx_word' id='word_1_30' title='bbox 569 438 722 485; x_wconf 86' lang='lat' dir='ltr'>iunium]</span> <span class='ocrx_word' id='word_1_31' title='bbox 751 439 942 476; x_wconf 75' lang='lat' dir='ltr'>iunianuni</span> <span class='ocrx_word' id='word_1_32' title='bbox 968 443 1061 483; x_wconf 72' lang='lat' dir='ltr'>(cum</span> <span class='ocrx_word' id='word_1_33' title='bbox 1087 442 1203 477; x_wconf 77' lang='lat' dir='ltr'>Paris.</span> <span class='ocrx_word' id='word_1_34' title='bbox 1224 449 1317 480; x_wconf 75' lang='lat'>4403</span> <span class='ocrx_word' id='word_1_35' title='bbox 1330 444 1380 488; x_wconf 76' lang='lat' dir='ltr'>A)</span> 
     </span>
     <span class='ocr_line' id='line_1_8' title="bbox 336 495 821 542; baseline 0.01 -15"><span class='ocrx_word' id='word_1_36' title='bbox 336 495 436 536; x_wconf 75' lang='grc'>4.17,</span> <span class='ocrx_word' id='word_1_37' title='bbox 451 495 513 535; x_wconf 90' lang='grc'>2,1</span> <span class='ocrx_word' id='word_1_38' title='bbox 566 496 659 541; x_wconf 65' lang='lat' dir='ltr'>ppo]</span> <span class='ocrx_word' id='word_1_39' title='bbox 687 498 732 542; x_wconf 87' lang='lat' dir='ltr'>pf</span> <span class='ocrx_word' id='word_1_40' title='bbox 752 509 774 532; x_wconf 92' lang='lat' dir='ltr'>u</span> <span class='ocrx_word' id='word_1_41' title='bbox 800 502 821 532; x_wconf 84' lang='lat'><strong><em>2</em></strong></span> 
     </span>
    </p>

    <p class='ocr_par' dir='ltr' id='par_1_6' title="bbox 335 551 1310 602">
     <span class='ocr_line' id='line_1_9' title="bbox 335 551 1310 602; baseline 0.007 -17"><span class='ocrx_word' id='word_1_42' title='bbox 335 551 367 590; x_wconf 86' lang='grc'>4,</span> <span class='ocrx_word' id='word_1_43' title='bbox 382 551 435 588; x_wconf 82' lang='lat'>23.</span> <span class='ocrx_word' id='word_1_44' title='bbox 455 553 517 593; x_wconf 78' lang='lat'>1,4</span> <span class='ocrx_word' id='word_1_45' title='bbox 568 554 766 597; x_wconf 79' lang='lat' dir='ltr'>possessori</span> <span class='ocrx_word' id='word_1_46' title='bbox 793 554 926 600; x_wconf 77' lang='lat' dir='ltr'>prima]</span> <span class='ocrx_word' id='word_1_47' title='bbox 953 556 1134 600; x_wconf 70' lang='lat' dir='ltr'>possessio</span> <span class='ocrx_word' id='word_1_48' title='bbox 1161 557 1310 602; x_wconf 82' lang='lat' dir='ltr'><strong>reprimi</strong></span> 
     </span>
    </p>

    <p class='ocr_par' dir='ltr' id='par_1_7' title="bbox 336 609 944 658">
     <span class='ocr_line' id='line_1_10' title="bbox 336 609 944 658; baseline 0.008 -16"><span class='ocrx_word' id='word_1_49' title='bbox 336 609 367 650; x_wconf 79' lang='lat'>5,</span> <span class='ocrx_word' id='word_1_50' title='bbox 385 610 413 645; x_wconf 82' lang='lat'>1.</span> <span class='ocrx_word' id='word_1_51' title='bbox 430 609 460 652; x_wconf 78' lang='lat'>7,</span> <span class='ocrx_word' id='word_1_52' title='bbox 478 610 518 644; x_wconf 75' lang='lat'>*3</span> <span class='ocrx_word' id='word_1_53' title='bbox 567 610 702 655; x_wconf 82' lang='lat' dir='ltr'>potior]</span> <span class='ocrx_word' id='word_1_54' title='bbox 729 612 944 658; x_wconf 85' lang='lat' dir='ltr'>[potentior]</span> 
     </span>
    </p>

    <p class='ocr_par' dir='ltr' id='par_1_8' title="bbox 336 666 949 714">
     <span class='ocr_line' id='line_1_11' title="bbox 336 666 949 714; baseline 0.008 -15"><span class='ocrx_word' id='word_1_55' title='bbox 336 666 367 703; x_wconf 79' lang='lat'>5.</span> <span class='ocrx_word' id='word_1_56' title='bbox 385 667 412 706; x_wconf 91' lang='lat' dir='ltr'>l,</span> <span class='ocrx_word' id='word_1_57' title='bbox 427 666 458 708; x_wconf 87' lang='lat'>9,</span> <span class='ocrx_word' id='word_1_58' title='bbox 477 667 518 702; x_wconf 90' lang='lat'>10</span> <span class='ocrx_word' id='word_1_59' title='bbox 566 668 744 714; x_wconf 80' lang='lat' dir='ltr'>fauorem]</span> <span class='ocrx_word' id='word_1_60' title='bbox 770 669 949 704; x_wconf 86' lang='lat' dir='ltr'>feruorem</span> 
     </span>
    </p>

    <p class='ocr_par' dir='ltr' id='par_1_9' title="bbox 336 724 923 771">
     <span class='ocr_line' id='line_1_12' title="bbox 336 724 923 771; baseline 0.007 -13"><span class='ocrx_word' id='word_1_61' title='bbox 336 725 366 763; x_wconf 90' lang='lat'>5,</span> <span class='ocrx_word' id='word_1_62' title='bbox 382 724 413 766; x_wconf 91' lang='lat'>2,</span> <span class='ocrx_word' id='word_1_63' title='bbox 431 725 459 765; x_wconf 89' lang='lat'>1,</span> <span class='ocrx_word' id='word_1_64' title='bbox 475 726 495 759; x_wconf 86' lang='lat'>2</span> <span class='ocrx_word' id='word_1_65' title='bbox 567 725 681 771; x_wconf 81' lang='lat' dir='ltr'>uitae]</span> <span class='ocrx_word' id='word_1_66' title='bbox 709 726 811 762; x_wconf 85' lang='lat' dir='ltr'>uitae</span> <span class='ocrx_word' id='word_1_67' title='bbox 837 738 923 762; x_wconf 86' lang='lat' dir='ltr'>suae</span> 
     </span>
    </p>
   </div>
   <div class='ocr_carea' id='block_1_5' title="bbox 564 782 1191 828">
    <p class='ocr_par' dir='ltr' id='par_1_10' title="bbox 564 782 1191 828">
     <span class='ocr_line' id='line_1_13' title="bbox 564 782 1191 828; baseline 0.005 -11"><span class='ocrx_word' id='word_1_68' title='bbox 564 782 651 828; x_wconf 86' lang='lat' dir='ltr'>alio]</span> <span class='ocrx_word' id='word_1_69' title='bbox 679 783 753 819; x_wconf 90' lang='lat' dir='ltr'>alio</span> <span class='ocrx_word' id='word_1_70' title='bbox 779 796 851 828; x_wconf 90' lang='lat' dir='ltr'>quo</span> <span class='ocrx_word' id='word_1_71' title='bbox 877 783 976 827; x_wconf 80' lang='lat' dir='ltr'>(inde</span> <span class='ocrx_word' id='word_1_72' title='bbox 995 784 1072 819; x_wconf 73' lang='lat' dir='ltr'>Cui.</span> <span class='ocrx_word' id='word_1_73' title='bbox 1094 788 1191 824; x_wconf 82' lang='grc'>1586)</span> 
     </span>
    </p>
   </div>
   <div class='ocr_carea' id='block_1_6' title="bbox 328 839 2023 2095">
    <p class='ocr_par' dir='ltr' id='par_1_11' title="bbox 334 839 1386 1003">
     <span class='ocr_line' id='line_1_14' title="bbox 336 839 1057 887; baseline 0.004 -14"><span class='ocrx_word' id='word_1_74' title='bbox 336 850 366 874; x_wconf 80' lang='grc' dir='ltr'>ο.</span> <span class='ocrx_word' id='word_1_75' title='bbox 382 839 413 879; x_wconf 92' lang='grc'>3,</span> <span class='ocrx_word' id='word_1_76' title='bbox 431 840 458 880; x_wconf 91' lang='grc'>1,</span> <span class='ocrx_word' id='word_1_77' title='bbox 476 840 517 875; x_wconf 79' lang='grc'>18</span> <span class='ocrx_word' id='word_1_78' title='bbox 566 841 726 886; x_wconf 85' lang='lat' dir='ltr'>actibus]</span> <span class='ocrx_word' id='word_1_79' title='bbox 754 841 1057 887; x_wconf 88' lang='lat' dir='ltr'>[conditionibus]</span> 
     </span>
     <span class='ocr_line' id='line_1_15' title="bbox 334 896 1116 944; baseline 0.006 -15"><span class='ocrx_word' id='word_1_80' title='bbox 334 896 366 935; x_wconf 87' lang='lat'>5,</span> <span class='ocrx_word' id='word_1_81' title='bbox 382 896 457 936; x_wconf 84' lang='lat'>7.·2,</span> <span class='ocrx_word' id='word_1_82' title='bbox 474 898 493 932; x_wconf 87' lang='grc'>7</span> <span class='ocrx_word' id='word_1_83' title='bbox 565 897 824 944; x_wconf 80' lang='lat' dir='ltr'>consideratio]</span> <span class='ocrx_word' id='word_1_84' title='bbox 852 898 1116 944; x_wconf 79' lang='lat' dir='ltr'>[conturbatio]</span> 
     </span>
     <span class='ocr_line' id='line_1_16' title="bbox 334 954 1386 1003; baseline 0.005 -16"><span class='ocrx_word' id='word_1_85' title='bbox 334 954 410 995; x_wconf 86' lang='lat'>5,9,</span> <span class='ocrx_word' id='word_1_86' title='bbox 428 955 456 996; x_wconf 94' lang='lat'>1,</span> <span class='ocrx_word' id='word_1_87' title='bbox 472 956 493 988; x_wconf 78' lang='grc'><strong>3</strong></span> <span class='ocrx_word' id='word_1_88' title='bbox 565 955 777 1001; x_wconf 86' lang='lat' dir='ltr'>collectum]</span> <span class='ocrx_word' id='word_1_89' title='bbox 803 956 1044 992; x_wconf 88' lang='lat' dir='ltr'>recollectum</span> <span class='ocrx_word' id='word_1_90' title='bbox 1069 956 1168 999; x_wconf 66' lang='lat' dir='ltr'>(itale</span> <span class='ocrx_word' id='word_1_91' title='bbox 1190 957 1267 992; x_wconf 69' lang='lat' dir='ltr'>Gai.</span> <span class='ocrx_word' id='word_1_92' title='bbox 1287 959 1386 1003; x_wconf 83' lang='grc'>1586)</span> 
     </span>
    </p>

    <p class='ocr_par' dir='ltr' id='par_1_12' title="bbox 328 1012 2023 2039">
     <span class='ocr_line' id='line_1_17' title="bbox 472 1012 896 1058; baseline 0.005 -11"><span class='ocrx_word' id='word_1_93' title='bbox 472 1014 494 1047; x_wconf 85' lang='grc'>6</span> <span class='ocrx_word' id='word_1_94' title='bbox 564 1012 702 1058; x_wconf 90' lang='lat' dir='ltr'>recens]</span> <span class='ocrx_word' id='word_1_95' title='bbox 729 1015 896 1049; x_wconf 76' lang='lat' dir='ltr'>recenter</span> 
     </span>
     <span class='ocr_line' id='line_1_18' title="bbox 333 1069 887 1116; baseline 0.005 -13"><span class='ocrx_word' id='word_1_96' title='bbox 333 1069 365 1109; x_wconf 94' lang='lat'>5,</span> <span class='ocrx_word' id='word_1_97' title='bbox 381 1069 412 1109; x_wconf 88' lang='lat'>9,</span> <span class='ocrx_word' id='word_1_98' title='bbox 427 1070 458 1110; x_wconf 87' lang='lat'>2,</span> <span class='ocrx_word' id='word_1_99' title='bbox 473 1071 495 1104; x_wconf 97' lang='lat'>4</span> <span class='ocrx_word' id='word_1_100' title='bbox 566 1071 685 1116; x_wconf 86' lang='lat' dir='ltr'>suum]</span> <span class='ocrx_word' id='word_1_101' title='bbox 714 1070 887 1116; x_wconf 89' lang='lat' dir='ltr'>[seruum]</span> 
     </span>
     <span class='ocr_line' id='line_1_19' title="bbox 335 1126 1484 1176; baseline 0.005 -15"><span class='ocrx_word' id='word_1_102' title='bbox 335 1126 367 1167; x_wconf 89' lang='lat'>5,</span> <span class='ocrx_word' id='word_1_103' title='bbox 384 1127 435 1168; x_wconf 87' lang='lat'>10.</span> <span class='ocrx_word' id='word_1_104' title='bbox 453 1127 493 1162; x_wconf 80' lang='lat'>*3</span> <span class='ocrx_word' id='word_1_105' title='bbox 569 1139 590 1162; x_wconf 93' lang='lat' dir='ltr'>a</span> <span class='ocrx_word' id='word_1_106' title='bbox 615 1127 808 1174; x_wconf 86' lang='lat' dir='ltr'>sanguine]</span> <span class='ocrx_word' id='word_1_107' title='bbox 836 1140 858 1163; x_wconf 89' lang='lat' dir='ltr'>a</span> <span class='ocrx_word' id='word_1_108' title='bbox 883 1128 1063 1174; x_wconf 87' lang='lat' dir='ltr'>sanguine</span> <span class='ocrx_word' id='word_1_109' title='bbox 1089 1129 1248 1176; x_wconf 86' lang='lat' dir='ltr'>ingenuo</span> <span class='ocrx_word' id='word_1_110' title='bbox 1276 1132 1333 1168; x_wconf 77' lang='lat' dir='ltr'>vel</span> <span class='ocrx_word' id='word_1_111' title='bbox 1358 1132 1484 1168; x_wconf 82' lang='lat' dir='ltr'>seruili</span> 
     </span>
     <span class='ocr_line' id='line_1_20' title="bbox 331 1183 924 1230; baseline 0.005 -13"><span class='ocrx_word' id='word_1_112' title='bbox 331 1183 363 1224; x_wconf 90' lang='lat'>5,</span> <span class='ocrx_word' id='word_1_113' title='bbox 379 1184 432 1226; x_wconf 91' lang='lat'>17,</span> <span class='ocrx_word' id='word_1_114' title='bbox 447 1183 478 1225; x_wconf 87' lang='lat'>2,</span> <span class='ocrx_word' id='word_1_115' title='bbox 493 1184 514 1219; x_wconf 80' lang='lat'><em>8</em></span> <span class='ocrx_word' id='word_1_116' title='bbox 563 1183 706 1230; x_wconf 89' lang='lat' dir='ltr'>euodio]</span> <span class='ocrx_word' id='word_1_117' title='bbox 733 1184 878 1220; x_wconf 87' lang='lat' dir='ltr'>eudicio</span> <span class='ocrx_word' id='word_1_118' title='bbox 903 1190 924 1219; x_wconf 83' lang='lat'>2</span> 
     </span>
     <span class='ocr_line' id='line_1_21' title="bbox 332 1241 1096 1288; baseline 0.005 -13"><span class='ocrx_word' id='word_1_119' title='bbox 332 1241 432 1282; x_wconf 84' lang='lat'>5‚18‚</span> <span class='ocrx_word' id='word_1_120' title='bbox 449 1241 514 1282; x_wconf 90' lang='lat'>1‚3</span> <span class='ocrx_word' id='word_1_121' title='bbox 562 1241 854 1288; x_wconf 81' lang='lat' dir='ltr'>continuatione]</span> <span class='ocrx_word' id='word_1_122' title='bbox 883 1242 1096 1280; x_wconf 79' lang='lat' dir='ltr'>causatione</span> 
     </span>
     <span class='ocr_line' id='line_1_22' title="bbox 330 1298 1014 1345; baseline 0.006 -12"><span class='ocrx_word' id='word_1_123' title='bbox 330 1298 362 1339; x_wconf 87' lang='lat'>8,</span> <span class='ocrx_word' id='word_1_124' title='bbox 378 1298 431 1340; x_wconf 87' lang='lat'>12,</span> <span class='ocrx_word' id='word_1_125' title='bbox 447 1300 478 1340; x_wconf 87' lang='grc'>9,</span> <span class='ocrx_word' id='word_1_126' title='bbox 493 1300 515 1335; x_wconf 90' lang='grc'><strong>3</strong></span> <span class='ocrx_word' id='word_1_127' title='bbox 564 1299 775 1345; x_wconf 80' lang='lat' dir='ltr'>induxerat]</span> <span class='ocrx_word' id='word_1_128' title='bbox 802 1300 1014 1337; x_wconf 84' lang='lat' dir='ltr'>iniunxerat</span> 
     </span>
     <span class='ocr_line' id='line_1_23' title="bbox 333 1356 1889 1408; baseline 0.004 -17"><span class='ocrx_word' id='word_1_129' title='bbox 333 1356 365 1397; x_wconf 88' lang='lat'>9,</span> <span class='ocrx_word' id='word_1_130' title='bbox 382 1357 410 1398; x_wconf 88' lang='lat'>1,</span> <span class='ocrx_word' id='word_1_131' title='bbox 425 1357 457 1397; x_wconf 90' lang='grc'>9,</span> <span class='ocrx_word' id='word_1_132' title='bbox 473 1357 514 1392; x_wconf 77' lang='grc'>*2</span> <span class='ocrx_word' id='word_1_133' title='bbox 561 1356 747 1403; x_wconf 86' lang='lat' dir='ltr'>gratiano]</span> <span class='ocrx_word' id='word_1_134' title='bbox 775 1357 929 1394; x_wconf 86' lang='lat' dir='ltr'>datiano</span> <span class='ocrx_word' id='word_1_135' title='bbox 965 1369 1044 1394; x_wconf 86' lang='lat' dir='ltr'>cum</span> <span class='ocrx_word' id='word_1_136' title='bbox 1069 1359 1241 1396; x_wconf 82' lang='lat' dir='ltr'>Parisino</span> <span class='ocrx_word' id='word_1_137' title='bbox 1266 1367 1366 1406; x_wconf 84' lang='lat'>4409,</span> <span class='ocrx_word' id='word_1_138' title='bbox 1392 1363 1562 1398; x_wconf 72' lang='lat' dir='ltr'>Vaticano</span> <span class='ocrx_word' id='word_1_139' title='bbox 1587 1369 1687 1408; x_wconf 85' lang='grc'>1048,</span> <span class='ocrx_word' id='word_1_140' title='bbox 1713 1364 1889 1400; x_wconf 70' lang='lat' dir='ltr'>Beruensi</span> 
     </span>
     <span class='ocr_line' id='line_1_24' title="bbox 329 1413 2023 1461; baseline 0.006 -14"><span class='ocrx_word' id='word_1_141' title='bbox 329 1413 408 1455; x_wconf 91' lang='grc'>9,1,</span> <span class='ocrx_word' id='word_1_142' title='bbox 426 1413 477 1455; x_wconf 90' lang='grc'>10,</span> <span class='ocrx_word' id='word_1_143' title='bbox 492 1414 515 1448; x_wconf 87' lang='grc'><strong>4</strong></span> <span class='ocrx_word' id='word_1_144' title='bbox 562 1414 832 1461; x_wconf 82' lang='lat' dir='ltr'>marcianopoli</span> <span class='ocrx_word' id='word_1_145' title='bbox 857 1415 1129 1461; x_wconf 85' lang='lat' dir='ltr'>ualentiniano]</span> <span class='ocrx_word' id='word_1_146' title='bbox 1155 1418 1342 1455; x_wconf 85' lang='lat' dir='ltr'>martiano</span> <span class='ocrx_word' id='word_1_147' title='bbox 1381 1431 1462 1455; x_wconf 77' lang='lat' dir='ltr'>cum</span> <span class='ocrx_word' id='word_1_148' title='bbox 1487 1421 1666 1456; x_wconf 71' lang='lat' dir='ltr'>Parisinis</span> <span class='ocrx_word' id='word_1_149' title='bbox 1691 1428 1784 1457; x_wconf 84' lang='lat'>4411.</span> <span class='ocrx_word' id='word_1_150' title='bbox 1811 1429 1909 1458; x_wconf 87' lang='grc'>4414.</span> <span class='ocrx_word' id='word_1_151' title='bbox 1935 1428 2023 1458; x_wconf 81' lang='grc'>4415</span> 
     </span>
     <span class='ocr_line' id='line_1_25' title="bbox 330 1471 875 1518; baseline 0.006 -13"><span class='ocrx_word' id='word_1_152' title='bbox 330 1471 362 1512; x_wconf 89' lang='grc'>9,</span> <span class='ocrx_word' id='word_1_153' title='bbox 380 1471 535 1513; x_wconf 81' lang='lat'>1‚15,*3</span> <span class='ocrx_word' id='word_1_154' title='bbox 561 1471 732 1518; x_wconf 81' lang='lat' dir='ltr'>alterum]</span> <span class='ocrx_word' id='word_1_155' title='bbox 759 1472 875 1508; x_wconf 84' lang='lat' dir='ltr'>alium</span> 
     </span>
     <span class='ocr_line' id='line_1_26' title="bbox 333 1528 1619 1581; baseline 0.006 -18"><span class='ocrx_word' id='word_1_156' title='bbox 333 1528 539 1570; x_wconf 82' lang='lat'>9,1,19‚*3</span> <span class='ocrx_word' id='word_1_157' title='bbox 566 1529 858 1566; x_wconf 79' lang='lat' dir='ltr'>commonitoriis</span> <span class='ocrx_word' id='word_1_158' title='bbox 882 1532 1037 1578; x_wconf 89' lang='lat' dir='ltr'>secreto]</span> <span class='ocrx_word' id='word_1_159' title='bbox 1065 1534 1340 1570; x_wconf 89' lang='lat' dir='ltr'>commentariis</span> <span class='ocrx_word' id='word_1_160' title='bbox 1365 1535 1443 1580; x_wconf 77' lang='lat' dir='ltr'>(del.</span> <span class='ocrx_word' id='word_1_161' title='bbox 1464 1538 1619 1581; x_wconf 85' lang='lat' dir='ltr'>secreto)</span> 
     </span>
     <span class='ocr_line' id='line_1_27' title="bbox 330 1585 1216 1635; baseline 0.008 -16"><span class='ocrx_word' id='word_1_162' title='bbox 330 1585 362 1625; x_wconf 88' lang='lat'>9,</span> <span class='ocrx_word' id='word_1_163' title='bbox 378 1585 408 1627; x_wconf 87' lang='lat'>7,</span> <span class='ocrx_word' id='word_1_164' title='bbox 421 1585 453 1628; x_wconf 90' lang='lat'>2,</span> <span class='ocrx_word' id='word_1_165' title='bbox 467 1586 489 1620; x_wconf 95' lang='lat'>2</span> <span class='ocrx_word' id='word_1_166' title='bbox 560 1586 884 1634; x_wconf 86' lang='lat' dir='ltr'>interpretatione]</span> <span class='ocrx_word' id='word_1_167' title='bbox 911 1588 1216 1635; x_wconf 85' lang='lat' dir='ltr'>interpellatione</span> 
     </span>
     <span class='ocr_line' id='line_1_28' title="bbox 329 1643 1090 1691; baseline 0.008 -15"><span class='ocrx_word' id='word_1_168' title='bbox 329 1643 362 1684; x_wconf 90' lang='lat'>9,</span> <span class='ocrx_word' id='word_1_169' title='bbox 377 1643 410 1683; x_wconf 92' lang='lat'>7,</span> <span class='ocrx_word' id='word_1_170' title='bbox 427 1643 457 1684; x_wconf 84' lang='lat'>7,</span> <span class='ocrx_word' id='word_1_171' title='bbox 472 1644 493 1679; x_wconf 84' lang='lat'><strong>3</strong></span> <span class='ocrx_word' id='word_1_172' title='bbox 566 1645 813 1691; x_wconf 87' lang='lat' dir='ltr'>perstrepere]</span> <span class='ocrx_word' id='word_1_173' title='bbox 839 1646 1090 1691; x_wconf 86' lang='lat' dir='ltr'>praescribere</span> 
     </span>
     <span class='ocr_line' id='line_1_29' title="bbox 330 1700 1538 1750; baseline 0.007 -14"><span class='ocrx_word' id='word_1_174' title='bbox 330 1700 513 1743; x_wconf 85' lang='grc'>9,10,3,9</span> <span class='ocrx_word' id='word_1_175' title='bbox 562 1702 602 1737; x_wconf 89' lang='lat' dir='ltr'>in</span> <span class='ocrx_word' id='word_1_176' title='bbox 627 1702 744 1739; x_wconf 88' lang='lat' dir='ltr'>totius</span> <span class='ocrx_word' id='word_1_177' title='bbox 769 1703 848 1739; x_wconf 87' lang='lat' dir='ltr'>litis</span> <span class='ocrx_word' id='word_1_178' title='bbox 874 1705 1086 1750; x_wconf 89' lang='lat' dir='ltr'>terminum]</span> <span class='ocrx_word' id='word_1_179' title='bbox 1113 1705 1230 1741; x_wconf 85' lang='lat' dir='ltr'>totius</span> <span class='ocrx_word' id='word_1_180' title='bbox 1255 1706 1334 1742; x_wconf 85' lang='lat' dir='ltr'>litis</span> <span class='ocrx_word' id='word_1_181' title='bbox 1359 1708 1538 1745; x_wconf 86' lang='lat' dir='ltr'>terminus</span> 
     </span>
     <span class='ocr_line' id='line_1_30' title="bbox 331 1758 1264 1804; baseline 0.006 -12"><span class='ocrx_word' id='word_1_182' title='bbox 331 1759 364 1799; x_wconf 89' lang='lat'>9,</span> <span class='ocrx_word' id='word_1_183' title='bbox 382 1758 433 1800; x_wconf 91' lang='lat'>10,</span> <span class='ocrx_word' id='word_1_184' title='bbox 447 1760 479 1800; x_wconf 89' lang='lat'>4,</span> <span class='ocrx_word' id='word_1_185' title='bbox 494 1759 515 1794; x_wconf 88' lang='grc'><strong>3</strong></span> <span class='ocrx_word' id='word_1_186' title='bbox 563 1759 679 1804; x_wconf 90' lang='lat' dir='ltr'>luere]</span> <span class='ocrx_word' id='word_1_187' title='bbox 705 1761 848 1797; x_wconf 90' lang='lat' dir='ltr'>soluere</span> <span class='ocrx_word' id='word_1_188' title='bbox 883 1773 963 1796; x_wconf 83' lang='lat' dir='ltr'>cum</span> <span class='ocrx_word' id='word_1_189' title='bbox 986 1762 1104 1797; x_wconf 77' lang='lat' dir='ltr'>Paris.</span> <span class='ocrx_word' id='word_1_190' title='bbox 1122 1767 1214 1799; x_wconf 87' lang='lat'>4403</span> <span class='ocrx_word' id='word_1_191' title='bbox 1228 1764 1264 1798; x_wconf 81' lang='lat' dir='ltr'><strong><em>A</em></strong></span> 
     </span>
     <span class='ocr_line' id='line_1_31' title="bbox 328 1815 1319 1864; baseline 0.006 -14"><span class='ocrx_word' id='word_1_192' title='bbox 328 1815 361 1854; x_wconf 87' lang='lat'>9,</span> <span class='ocrx_word' id='word_1_193' title='bbox 379 1816 432 1857; x_wconf 86' lang='lat'>14,</span> <span class='ocrx_word' id='word_1_194' title='bbox 448 1818 476 1859; x_wconf 91' lang='lat'>1,</span> <span class='ocrx_word' id='word_1_195' title='bbox 493 1818 514 1851; x_wconf 89' lang='lat'>2</span> <span class='ocrx_word' id='word_1_196' title='bbox 562 1817 594 1852; x_wconf 87' lang='lat' dir='ltr'>si</span> <span class='ocrx_word' id='word_1_197' title='bbox 619 1818 714 1863; x_wconf 89' lang='lat' dir='ltr'>quis]</span> <span class='ocrx_word' id='word_1_198' title='bbox 741 1818 909 1864; x_wconf 89' lang='lat' dir='ltr'>quisquis</span> <span class='ocrx_word' id='word_1_199' title='bbox 943 1831 1022 1855; x_wconf 84' lang='lat' dir='ltr'>cum</span> <span class='ocrx_word' id='word_1_200' title='bbox 1046 1820 1164 1855; x_wconf 79' lang='lat' dir='ltr'>Paris.</span> <span class='ocrx_word' id='word_1_201' title='bbox 1182 1822 1319 1857; x_wconf 81' lang='lat' dir='ltr'>4403A</span> 
     </span>
     <span class='ocr_line' id='line_1_32' title="bbox 329 1874 1286 1921; baseline 0.005 -13"><span class='ocrx_word' id='word_1_202' title='bbox 329 1874 361 1915; x_wconf 90' lang='lat'>9,</span> <span class='ocrx_word' id='word_1_203' title='bbox 379 1874 431 1915; x_wconf 91' lang='lat'>14,</span> <span class='ocrx_word' id='word_1_204' title='bbox 445 1874 477 1916; x_wconf 87' lang='lat'>2,</span> <span class='ocrx_word' id='word_1_205' title='bbox 491 1874 513 1909; x_wconf 87' lang='grc'>8</span> <span class='ocrx_word' id='word_1_206' title='bbox 561 1875 595 1909; x_wconf 87' lang='lat' dir='ltr'>k.</span> <span class='ocrx_word' id='word_1_207' title='bbox 614 1875 693 1921; x_wconf 90' lang='lat' dir='ltr'>iul.]</span> <span class='ocrx_word' id='word_1_208' title='bbox 719 1875 772 1911; x_wconf 90' lang='lat' dir='ltr'>uii</span> <span class='ocrx_word' id='word_1_209' title='bbox 797 1877 832 1911; x_wconf 84' lang='lat' dir='ltr'>k.</span> <span class='ocrx_word' id='word_1_210' title='bbox 851 1876 916 1912; x_wconf 88' lang='lat' dir='ltr'>iul.</span> <span class='ocrx_word' id='word_1_211' title='bbox 950 1887 1030 1912; x_wconf 84' lang='lat' dir='ltr'>cum</span> <span class='ocrx_word' id='word_1_212' title='bbox 1059 1877 1178 1913; x_wconf 78' lang='lat' dir='ltr'>Paris.</span> <span class='ocrx_word' id='word_1_213' title='bbox 1197 1884 1286 1914; x_wconf 77' lang='lat'>4419</span> 
     </span>
     <span class='ocr_line' id='line_1_33' title="bbox 329 1931 2020 1984; baseline 0.004 -18"><span class='ocrx_word' id='word_1_214' title='bbox 329 1931 361 1971; x_wconf 88' lang='lat'>9,</span> <span class='ocrx_word' id='word_1_215' title='bbox 375 1931 429 1973; x_wconf 86' lang='lat'>34,</span> <span class='ocrx_word' id='word_1_216' title='bbox 444 1932 476 1974; x_wconf 89' lang='lat'>9,</span> <span class='ocrx_word' id='word_1_217' title='bbox 491 1932 512 1967; x_wconf 85' lang='lat'><strong>3</strong></span> <span class='ocrx_word' id='word_1_218' title='bbox 561 1933 755 1969; x_wconf 88' lang='lat' dir='ltr'>offenderit</span> <span class='ocrx_word' id='word_1_219' title='bbox 781 1937 847 1969; x_wconf 88' lang='lat' dir='ltr'>aut</span> <span class='ocrx_word' id='word_1_220' title='bbox 872 1934 1074 1980; x_wconf 82' lang='lat' dir='ltr'>discerpat]</span> <span class='ocrx_word' id='word_1_221' title='bbox 1102 1935 1287 1973; x_wconf 87' lang='lat' dir='ltr'>inuenerit</span> <span class='ocrx_word' id='word_1_222' title='bbox 1311 1940 1377 1973; x_wconf 87' lang='lat' dir='ltr'>aut</span> <span class='ocrx_word' id='word_1_223' title='bbox 1402 1938 1611 1984; x_wconf 84' lang='lat' dir='ltr'>disrumpat</span> <span class='ocrx_word' id='word_1_224' title='bbox 1647 1951 1725 1975; x_wconf 69' lang='lat' dir='ltr'>cum</span> <span class='ocrx_word' id='word_1_225' title='bbox 1752 1940 1867 1974; x_wconf 79' lang='lat' dir='ltr'>Paris.</span> <span class='ocrx_word' id='word_1_226' title='bbox 1887 1940 2020 1974; x_wconf 76' lang='lat' dir='ltr'>4403A</span> 
     </span>
     <span class='ocr_line' id='line_1_34' title="bbox 331 1988 1451 2039; baseline 0.006 -16"><span class='ocrx_word' id='word_1_227' title='bbox 331 1990 363 2031; x_wconf 94' lang='lat'>9,</span> <span class='ocrx_word' id='word_1_228' title='bbox 379 1988 515 2031; x_wconf 77' lang='lat'>37,2,3</span> <span class='ocrx_word' id='word_1_229' title='bbox 563 1990 780 2038; x_wconf 87' lang='lat' dir='ltr'>adstringit]</span> <span class='ocrx_word' id='word_1_230' title='bbox 809 1992 1031 2039; x_wconf 85' lang='lat' dir='ltr'>constringit</span> <span class='ocrx_word' id='word_1_231' title='bbox 1067 2004 1146 2028; x_wconf 84' lang='lat' dir='ltr'>cum</span> <span class='ocrx_word' id='word_1_232' title='bbox 1173 1994 1294 2029; x_wconf 67' lang='lat' dir='ltr'>Paris.</span> <span class='ocrx_word' id='word_1_233' title='bbox 1313 1996 1451 2032; x_wconf 82' lang='lat' dir='ltr'>4403A</span> 
     </span>
    </p>

    <p class='ocr_par' dir='ltr' id='par_1_13' title="bbox 469 2047 1308 2095">
     <span class='ocr_line' id='line_1_35' title="bbox 469 2047 1308 2095; baseline 0.007 -13"><span class='ocrx_word' id='word_1_234' title='bbox 469 2047 510 2082; x_wconf 84' lang='lat'>*2</span> <span class='ocrx_word' id='word_1_235' title='bbox 559 2048 725 2094; x_wconf 88' lang='lat' dir='ltr'>catenas]</span> <span class='ocrx_word' id='word_1_236' title='bbox 752 2061 891 2095; x_wconf 87' lang='lat' dir='ltr'>poenas</span> <span class='ocrx_word' id='word_1_237' title='bbox 927 2060 1008 2084; x_wconf 79' lang='lat' dir='ltr'>cum</span> <span class='ocrx_word' id='word_1_238' title='bbox 1032 2051 1150 2086; x_wconf 75' lang='lat' dir='ltr'>Paris.</span> <span class='ocrx_word' id='word_1_239' title='bbox 1169 2053 1308 2088; x_wconf 76' lang='lat' dir='ltr'>4403A</span> 
     </span>
    </p>
   </div>
   <div class='ocr_carea' id='block_1_7' title="bbox 387 2105 1777 2556">
    <p class='ocr_par' dir='ltr' id='par_1_14' title="bbox 447 2105 1376 2151">
     <span class='ocr_line' id='line_1_36' title="bbox 447 2105 1376 2151; baseline 0.006 -11"><span class='ocrx_word' id='word_1_240' title='bbox 447 2105 535 2147; x_wconf 86' lang='lat'>10‚4</span> <span class='ocrx_word' id='word_1_241' title='bbox 562 2107 741 2151; x_wconf 81' lang='lat' dir='ltr'>statuere]</span> <span class='ocrx_word' id='word_1_242' title='bbox 768 2106 963 2144; x_wconf 87' lang='lat' dir='ltr'>instituere</span> <span class='ocrx_word' id='word_1_243' title='bbox 999 2119 1079 2143; x_wconf 75' lang='lat' dir='ltr'>cum</span> <span class='ocrx_word' id='word_1_244' title='bbox 1103 2109 1222 2145; x_wconf 83' lang='lat' dir='ltr'>Paris.</span> <span class='ocrx_word' id='word_1_245' title='bbox 1240 2111 1376 2146; x_wconf 83' lang='lat' dir='ltr'>4403A</span> 
     </span>
    </p>

    <p class='ocr_par' dir='ltr' id='par_1_15' title="bbox 423 2162 1413 2210">
     <span class='ocr_line' id='line_1_37' title="bbox 423 2162 1413 2210; baseline 0.007 -14"><span class='ocrx_word' id='word_1_246' title='bbox 423 2162 497 2203; x_wconf 75' lang='lat'>‚14,</span> <span class='ocrx_word' id='word_1_247' title='bbox 513 2162 534 2197; x_wconf 90' lang='lat'>6</span> <span class='ocrx_word' id='word_1_248' title='bbox 562 2162 760 2209; x_wconf 81' lang='lat' dir='ltr'>dispendii]</span> <span class='ocrx_word' id='word_1_249' title='bbox 787 2164 997 2210; x_wconf 86' lang='lat' dir='ltr'>dispectum</span> <span class='ocrx_word' id='word_1_250' title='bbox 1036 2177 1116 2201; x_wconf 80' lang='lat' dir='ltr'>cum</span> <span class='ocrx_word' id='word_1_251' title='bbox 1140 2167 1258 2202; x_wconf 77' lang='lat' dir='ltr'>Paris.</span> <span class='ocrx_word' id='word_1_252' title='bbox 1277 2169 1413 2204; x_wconf 84' lang='lat' dir='ltr'>4403A</span> 
     </span>
    </p>

    <p class='ocr_par' dir='ltr' id='par_1_16' title="bbox 444 2220 1754 2268">
     <span class='ocr_line' id='line_1_38' title="bbox 444 2220 1754 2268; baseline 0.007 -14"><span class='ocrx_word' id='word_1_253' title='bbox 444 2220 464 2253; x_wconf 89' lang='lat'>7</span> <span class='ocrx_word' id='word_1_254' title='bbox 492 2221 507 2255; x_wconf 96' lang='lat'>1</span> <span class='ocrx_word' id='word_1_255' title='bbox 559 2220 765 2257; x_wconf 86' lang='lat' dir='ltr'>caeciliano</span> <span class='ocrx_word' id='word_1_256' title='bbox 791 2226 869 2268; x_wconf 58' lang='lat' dir='ltr'>ffo</span> <span class='ocrx_word' id='word_1_257' title='bbox 894 2223 946 2257; x_wconf 74' lang='lat' dir='ltr'>acl</span> <span class='ocrx_word' id='word_1_258' title='bbox 968 2223 1074 2259; x_wconf 81' lang='lat' dir='ltr'>inser.</span> <span class='ocrx_word' id='word_1_259' title='bbox 1100 2225 1205 2260; x_wconf 78' lang='lat' dir='ltr'>addit</span> <span class='ocrx_word' id='word_1_260' title='bbox 1228 2237 1308 2261; x_wconf 70' lang='lat' dir='ltr'>cum</span> <span class='ocrx_word' id='word_1_261' title='bbox 1333 2227 1516 2262; x_wconf 76' lang='lat' dir='ltr'>Parisinis</span> <span class='ocrx_word' id='word_1_262' title='bbox 1541 2233 1638 2263; x_wconf 89' lang='grc'>4414.</span> <span class='ocrx_word' id='word_1_263' title='bbox 1666 2234 1754 2263; x_wconf 84' lang='grc'>4415</span> 
     </span>
    </p>

    <p class='ocr_par' dir='ltr' id='par_1_17' title="bbox 490 2277 810 2324">
     <span class='ocr_line' id='line_1_39' title="bbox 490 2277 810 2324; baseline 0.003 -11"><span class='ocrx_word' id='word_1_264' title='bbox 490 2278 511 2313; x_wconf 76' lang='lat'>3</span> <span class='ocrx_word' id='word_1_265' title='bbox 559 2277 665 2324; x_wconf 88' lang='lat' dir='ltr'>editi]</span> <span class='ocrx_word' id='word_1_266' title='bbox 691 2279 810 2316; x_wconf 85' lang='lat' dir='ltr'>dediti</span> 
     </span>
    </p>

    <p class='ocr_par' dir='ltr' id='par_1_18' title="bbox 387 2335 1777 2442">
     <span class='ocr_line' id='line_1_40' title="bbox 387 2335 1777 2388; baseline 0.006 -20"><span class='ocrx_word' id='word_1_267' title='bbox 387 2336 394 2344; x_wconf 97' lang='grc'><strong>’</strong></span> <span class='ocrx_word' id='word_1_268' title='bbox 420 2335 510 2376; x_wconf 84' lang='grc'>22,3</span> <span class='ocrx_word' id='word_1_269' title='bbox 559 2336 852 2383; x_wconf 88' lang='lat' dir='ltr'>concussionum]</span> <span class='ocrx_word' id='word_1_270' title='bbox 879 2339 1157 2375; x_wconf 85' lang='lat' dir='ltr'>consensionum</span> <span class='ocrx_word' id='word_1_271' title='bbox 1183 2342 1335 2385; x_wconf 74' lang='lat' dir='ltr'>(praeter</span> <span class='ocrx_word' id='word_1_272' title='bbox 1360 2343 1435 2376; x_wconf 74' lang='lat' dir='ltr'>alia</span> <span class='ocrx_word' id='word_1_273' title='bbox 1461 2342 1499 2376; x_wconf 76' lang='lat' dir='ltr'>in</span> <span class='ocrx_word' id='word_1_274' title='bbox 1524 2342 1574 2378; x_wconf 81' lang='lat' dir='ltr'>ed.</span> <span class='ocrx_word' id='word_1_275' title='bbox 1602 2342 1777 2388; x_wconf 71' lang='lat' dir='ltr'>indicata)</span> 
     </span>
     <span class='ocr_line' id='line_1_41' title="bbox 443 2392 1164 2442; baseline 0.01 -16"><span class='ocrx_word' id='word_1_276' title='bbox 443 2392 464 2426; x_wconf 88' lang='lat'>5</span> <span class='ocrx_word' id='word_1_277' title='bbox 490 2404 511 2426; x_wconf 82' lang='lat' dir='ltr'>o</span> <span class='ocrx_word' id='word_1_278' title='bbox 559 2393 849 2440; x_wconf 80' lang='lat' dir='ltr'>competitionis]</span> <span class='ocrx_word' id='word_1_279' title='bbox 877 2396 1164 2442; x_wconf 86' lang='lat' dir='ltr'>compeditionis</span> 
     </span>
    </p>

    <p class='ocr_par' dir='ltr' id='par_1_19' title="bbox 558 2449 930 2497">
     <span class='ocr_line' id='line_1_42' title="bbox 558 2449 930 2497; baseline 0.011 -12"><span class='ocrx_word' id='word_1_280' title='bbox 558 2449 747 2497; x_wconf 81' lang='lat' dir='ltr'>struxisse]</span> <span class='ocrx_word' id='word_1_281' title='bbox 775 2453 930 2490; x_wconf 82' lang='lat' dir='ltr'>traxisse</span> 
     </span>
    </p>

    <p class='ocr_par' dir='ltr' id='par_1_20' title="bbox 559 2508 1171 2556">
     <span class='ocr_line' id='line_1_43' title="bbox 559 2508 1171 2556; baseline 0.01 -13"><span class='ocrx_word' id='word_1_282' title='bbox 559 2508 863 2556; x_wconf 88' lang='lat' dir='ltr'>aedificauerunt]</span> <span class='ocrx_word' id='word_1_283' title='bbox 890 2511 1171 2549; x_wconf 87' lang='lat' dir='ltr'>aedificaueriut</span> 
     </span>
    </p>
   </div>
   <div class='ocr_carea' id='block_1_8' title="bbox 223 2602 1191 2647">
    <p class='ocr_par' dir='ltr' id='par_1_21' title="bbox 223 2602 1191 2647">
     <span class='ocr_line' id='line_1_44' title="bbox 223 2602 1191 2647; baseline 0.009 -9"><span class='ocrx_word' id='word_1_284' title='bbox 223 2602 256 2638; x_wconf 90' lang='lat'>4.</span> <span class='ocrx_word' id='word_1_285' title='bbox 282 2603 434 2640; x_wconf 84' lang='lat' dir='ltr'>Codices</span> <span class='ocrx_word' id='word_1_286' title='bbox 460 2605 636 2642; x_wconf 88' lang='lat' dir='ltr'>adhibuit</span> <span class='ocrx_word' id='word_1_287' title='bbox 663 2607 879 2645; x_wconf 83' lang='lat' dir='ltr'>Franciscus</span> <span class='ocrx_word' id='word_1_288' title='bbox 905 2609 1083 2647; x_wconf 84' lang='lat' dir='ltr'>Pithoeus</span> <span class='ocrx_word' id='word_1_289' title='bbox 1108 2612 1191 2647; x_wconf 87' lang='lat' dir='ltr'>hos:</span> 
     </span>
    </p>
   </div>
   <div class='ocr_carea' id='block_1_9' title="bbox 267 2691 2116 2971">
    <p class='ocr_par' dir='ltr' id='par_1_22' title="bbox 267 2691 2116 2971">
     <span class='ocr_line' id='line_1_45' title="bbox 267 2691 2116 2745; baseline 0.006 -20"><span class='ocrx_word' id='word_1_290' title='bbox 267 2693 303 2735; x_wconf 86' lang='lat' dir='ltr'>a)</span> <span class='ocrx_word' id='word_1_291' title='bbox 330 2691 503 2727; x_wconf 87' lang='lat' dir='ltr'>Codicem</span> <span class='ocrx_word' id='word_1_292' title='bbox 522 2691 669 2729; x_wconf 86' lang='lat' dir='ltr'>Pithoei</span> <span class='ocrx_word' id='word_1_293' title='bbox 695 2693 822 2739; x_wconf 85' lang='lat' dir='ltr'>ipsius,</span> <span class='ocrx_word' id='word_1_294' title='bbox 848 2696 957 2732; x_wconf 90' lang='lat' dir='ltr'>hodie</span> <span class='ocrx_word' id='word_1_295' title='bbox 984 2697 1221 2734; x_wconf 85' lang='lat' dir='ltr'>adserva-tum</span> <span class='ocrx_word' id='word_1_296' title='bbox 1248 2711 1292 2735; x_wconf 81' lang='lat' dir='ltr'>ex</span> <span class='ocrx_word' id='word_1_297' title='bbox 1310 2702 1416 2745; x_wconf 85' lang='lat' dir='ltr'>parte</span> <span class='ocrx_word' id='word_1_298' title='bbox 1436 2700 1480 2743; x_wconf 78' lang='lat'>(3,</span> <span class='ocrx_word' id='word_1_299' title='bbox 1496 2702 1526 2740; x_wconf 88' lang='lat'>5,</span> <span class='ocrx_word' id='word_1_300' title='bbox 1541 2702 1561 2735; x_wconf 89' lang='lat'>5</span> <span class='ocrx_word' id='word_1_301' title='bbox 1581 2721 1622 2726; x_wconf 88' lang='lat'>—</span> <span class='ocrx_word' id='word_1_302' title='bbox 1644 2702 1694 2743; x_wconf 86' lang='lat'>12,</span> <span class='ocrx_word' id='word_1_303' title='bbox 1712 2702 1740 2741; x_wconf 94' lang='lat'>1,</span> <span class='ocrx_word' id='word_1_304' title='bbox 1757 2702 1812 2745; x_wconf 79' lang='lat'>12)</span> <span class='ocrx_word' id='word_1_305' title='bbox 1830 2702 1866 2736; x_wconf 86' lang='lat' dir='ltr'>in</span> <span class='ocrx_word' id='word_1_306' title='bbox 1884 2701 2116 2737; x_wconf 76' lang='lat' dir='ltr'>bibliotheca</span> 
     </span>
     <span class='ocr_line' id='line_1_46' title="bbox 329 2748 2115 2804; baseline 0.005 -21"><span class='ocrx_word' id='word_1_307' title='bbox 329 2748 538 2794; x_wconf 76' lang='lat' dir='ltr'>Rosnyana‚</span> <span class='ocrx_word' id='word_1_308' title='bbox 565 2762 607 2785; x_wconf 81' lang='lat' dir='ltr'>ex</span> <span class='ocrx_word' id='word_1_309' title='bbox 626 2754 733 2796; x_wconf 87' lang='lat' dir='ltr'>parte</span> <span class='ocrx_word' id='word_1_310' title='bbox 752 2753 820 2794; x_wconf 87' lang='grc'>(12,</span> <span class='ocrx_word' id='word_1_311' title='bbox 837 2754 865 2794; x_wconf 91' lang='lat'>1,</span> <span class='ocrx_word' id='word_1_312' title='bbox 885 2754 926 2788; x_wconf 91' lang='grc'>12</span> <span class='ocrx_word' id='word_1_313' title='bbox 945 2774 984 2780; x_wconf 93' lang='grc'><strong>-</strong></span> <span class='ocrx_word' id='word_1_314' title='bbox 1006 2755 1079 2800; x_wconf 81' lang='lat' dir='ltr'>fin.)</span> <span class='ocrx_word' id='word_1_315' title='bbox 1100 2755 1139 2790; x_wconf 88' lang='lat' dir='ltr'>in</span> <span class='ocrx_word' id='word_1_316' title='bbox 1158 2755 1327 2791; x_wconf 86' lang='lat' dir='ltr'>Parisina</span> <span class='ocrx_word' id='word_1_317' title='bbox 1343 2757 1444 2799; x_wconf 83' lang='lat'>4406,</span> <span class='ocrx_word' id='word_1_318' title='bbox 1471 2757 1577 2793; x_wconf 82' lang='lat' dir='ltr'>nobis</span> <span class='ocrx_word' id='word_1_319' title='bbox 1595 2758 1660 2800; x_wconf 53' lang='grc' dir='ltr'>ἰΖΕ,</span> <span class='ocrx_word' id='word_1_320' title='bbox 1686 2759 1924 2804; x_wconf 85' lang='lat' dir='ltr'>adsumptum</span> <span class='ocrx_word' id='word_1_321' title='bbox 1948 2770 2026 2794; x_wconf 85' lang='lat' dir='ltr'>esse</span> <span class='ocrx_word' id='word_1_322' title='bbox 2043 2769 2115 2793; x_wconf 91' lang='lat' dir='ltr'>non</span> 
     </span>
     <span class='ocr_line' id='line_1_47' title="bbox 328 2806 2114 2860; baseline 0.006 -20"><span class='ocrx_word' id='word_1_323' title='bbox 328 2806 445 2842; x_wconf 88' lang='lat' dir='ltr'>solum</span> <span class='ocrx_word' id='word_1_324' title='bbox 471 2818 537 2852; x_wconf 87' lang='lat' dir='ltr'>per</span> <span class='ocrx_word' id='word_1_325' title='bbox 560 2820 598 2843; x_wconf 92' lang='lat' dir='ltr'>se</span> <span class='ocrx_word' id='word_1_326' title='bbox 626 2807 823 2845; x_wconf 86' lang='lat' dir='ltr'>verisimile</span> <span class='ocrx_word' id='word_1_327' title='bbox 855 2814 926 2851; x_wconf 87' lang='lat' dir='ltr'>est,</span> <span class='ocrx_word' id='word_1_328' title='bbox 959 2812 1023 2847; x_wconf 82' lang='lat' dir='ltr'>sed</span> <span class='ocrx_word' id='word_1_329' title='bbox 1055 2811 1247 2850; x_wconf 89' lang='lat' dir='ltr'>evidenter</span> <span class='ocrx_word' id='word_1_330' title='bbox 1271 2816 1431 2859; x_wconf 82' lang='lat' dir='ltr'>apparet</span> <span class='ocrx_word' id='word_1_331' title='bbox 1457 2814 1494 2849; x_wconf 89' lang='lat' dir='ltr'>in</span> <span class='ocrx_word' id='word_1_332' title='bbox 1521 2815 1639 2860; x_wconf 82' lang='lat' dir='ltr'>partis</span> <span class='ocrx_word' id='word_1_333' title='bbox 1664 2815 1870 2857; x_wconf 85' lang='lat' dir='ltr'>Parisinae,</span> <span class='ocrx_word' id='word_1_334' title='bbox 1897 2828 2007 2860; x_wconf 85' lang='lat' dir='ltr'>quam</span> <span class='ocrx_word' id='word_1_335' title='bbox 2033 2828 2114 2851; x_wconf 84' lang='lat' dir='ltr'>con-</span> 
     </span>
     <span class='ocr_line' id='line_1_48' title="bbox 329 2863 2114 2918; baseline 0.007 -21"><span class='ocrx_word' id='word_1_336' title='bbox 329 2863 416 2905; x_wconf 88' lang='lat' dir='ltr'>tuli,</span> <span class='ocrx_word' id='word_1_337' title='bbox 447 2863 673 2900; x_wconf 86' lang='lat' dir='ltr'>lectionibus</span> <span class='ocrx_word' id='word_1_338' title='bbox 705 2865 739 2901; x_wconf 91' lang='lat' dir='ltr'>ei</span> <span class='ocrx_word' id='word_1_339' title='bbox 771 2866 867 2902; x_wconf 92' lang='lat' dir='ltr'>libro</span> <span class='ocrx_word' id='word_1_340' title='bbox 893 2871 958 2903; x_wconf 82' lang='lat' dir='ltr'>aut</span> <span class='ocrx_word' id='word_1_341' title='bbox 984 2870 1239 2906; x_wconf 88' lang='lat' dir='ltr'>communibus</span> <span class='ocrx_word' id='word_1_342' title='bbox 1265 2883 1346 2906; x_wconf 87' lang='lat' dir='ltr'>cum</span> <span class='ocrx_word' id='word_1_343' title='bbox 1372 2871 1449 2907; x_wconf 85' lang='lat' dir='ltr'>solo</span> <span class='ocrx_word' id='word_1_344' title='bbox 1475 2872 1680 2918; x_wconf 82' lang='lat' dir='ltr'>archetypo</span> <span class='ocrx_word' id='word_1_345' title='bbox 1706 2873 1746 2907; x_wconf 85' lang='lat' dir='ltr'><em>E</em></span> <span class='ocrx_word' id='word_1_346' title='bbox 1766 2875 1831 2908; x_wconf 90' lang='lat' dir='ltr'>aut</span> <span class='ocrx_word' id='word_1_347' title='bbox 1856 2873 1948 2909; x_wconf 86' lang='lat' dir='ltr'>adeo</span> <span class='ocrx_word' id='word_1_348' title='bbox 1974 2873 2114 2909; x_wconf 81' lang='lat' dir='ltr'>effectis</span> 
     </span>
     <span class='ocr_line' id='line_1_49' title="bbox 326 2920 1098 2971; baseline 0.008 -16"><span class='ocrx_word' id='word_1_349' title='bbox 326 2920 616 2966; x_wconf 83' lang='lat' dir='ltr'>interpolatione</span> <span class='ocrx_word' id='word_1_350' title='bbox 641 2921 714 2968; x_wconf 89' lang='lat' dir='ltr'>ipsi</span> <span class='ocrx_word' id='word_1_351' title='bbox 740 2922 836 2959; x_wconf 90' lang='lat' dir='ltr'>libro</span> <span class='ocrx_word' id='word_1_352' title='bbox 854 2925 915 2959; x_wconf 75' lang='lat' dir='ltr'>*E</span> <span class='ocrx_word' id='word_1_353' title='bbox 938 2926 1098 2971; x_wconf 91' lang='lat' dir='ltr'>propria.</span> 
     </span>
    </p>
   </div>
   <div class='ocr_carea' id='block_1_10' title="bbox 398 3014 1546 3119">
    <p class='ocr_par' dir='ltr' id='par_1_23' title="bbox 398 3014 1546 3119">
     <span class='ocr_line' id='line_1_50' title="bbox 398 3014 1541 3063; baseline 0.006 -14"><span class='ocrx_word' id='word_1_354' title='bbox 398 3014 452 3055; x_wconf 92' lang='grc'>12,</span> <span class='ocrx_word' id='word_1_355' title='bbox 468 3015 623 3057; x_wconf 86' lang='grc'>1,151,2</span> <span class='ocrx_word' id='word_1_356' title='bbox 648 3015 858 3061; x_wconf 86' lang='lat' dir='ltr'>curialium]</span> <span class='ocrx_word' id='word_1_357' title='bbox 884 3016 1149 3063; x_wconf 88' lang='lat' dir='ltr'>principalium</span> <span class='ocrx_word' id='word_1_358' title='bbox 1287 3031 1365 3055; x_wconf 83' lang='lat' dir='ltr'>cum</span> <span class='ocrx_word' id='word_1_359' title='bbox 1392 3020 1450 3055; x_wconf 71' lang='lat' dir='ltr'>*E</span> <span class='ocrx_word' id='word_1_360' title='bbox 1469 3021 1541 3056; x_wconf 80' lang='lat' dir='ltr'>solo</span> 
     </span>
     <span class='ocr_line' id='line_1_51' title="bbox 399 3071 1546 3119; baseline 0.006 -13"><span class='ocrx_word' id='word_1_361' title='bbox 399 3071 451 3113; x_wconf 88' lang='lat'>12,</span> <span class='ocrx_word' id='word_1_362' title='bbox 466 3072 496 3113; x_wconf 89' lang='lat'>6,</span> <span class='ocrx_word' id='word_1_363' title='bbox 511 3073 565 3114; x_wconf 90' lang='grc'>22,</span> <span class='ocrx_word' id='word_1_364' title='bbox 580 3072 601 3107; x_wconf 87' lang='grc'><strong>3</strong></span> <span class='ocrx_word' id='word_1_365' title='bbox 649 3074 939 3119; x_wconf 85' lang='lat' dir='ltr'>concussionum]</span> <span class='ocrx_word' id='word_1_366' title='bbox 967 3087 1222 3112; x_wconf 87' lang='lat' dir='ltr'>concussorum</span> <span class='ocrx_word' id='word_1_367' title='bbox 1292 3088 1370 3112; x_wconf 75' lang='lat' dir='ltr'>cum</span> <span class='ocrx_word' id='word_1_368' title='bbox 1395 3078 1454 3112; x_wconf 77' lang='grc' dir='ltr'>*Ε</span> <span class='ocrx_word' id='word_1_369' title='bbox 1473 3078 1546 3113; x_wconf 78' lang='lat' dir='ltr'>solo</span> 
     </span>
    </p>
   </div>
   <div class='ocr_carea' id='block_1_11' title="bbox 397 3130 2111 3297">
    <p class='ocr_par' dir='ltr' id='par_1_24' title="bbox 397 3130 2111 3297">
     <span class='ocr_line' id='line_1_52' title="bbox 581 3130 1947 3181; baseline 0.005 -17"><span class='ocrx_word' id='word_1_370' title='bbox 581 3130 602 3164; x_wconf 88' lang='lat'>6</span> <span class='ocrx_word' id='word_1_371' title='bbox 649 3130 899 3176; x_wconf 88' lang='lat' dir='ltr'>plectendum]</span> <span class='ocrx_word' id='word_1_372' title='bbox 926 3132 1222 3178; x_wconf 89' lang='lat' dir='ltr'>compellendum</span> <span class='ocrx_word' id='word_1_373' title='bbox 1239 3139 1261 3169; x_wconf 88' lang='grc'>2</span> <span class='ocrx_word' id='word_1_374' title='bbox 1289 3145 1368 3169; x_wconf 80' lang='lat' dir='ltr'>cum</span> <span class='ocrx_word' id='word_1_375' title='bbox 1394 3135 1433 3170; x_wconf 87' lang='lat' dir='ltr'><em>E</em></span> <span class='ocrx_word' id='word_1_376' title='bbox 1455 3135 1766 3181; x_wconf 80' lang='lat' dir='ltr'>(compelendum)</span> <span class='ocrx_word' id='word_1_377' title='bbox 1786 3135 1843 3171; x_wconf 72' lang='lat' dir='ltr'>*E</span> <span class='ocrx_word' id='word_1_378' title='bbox 1864 3137 1947 3171; x_wconf 76' lang='lat' dir='ltr'>solis</span> 
     </span>
     <span class='ocr_line' id='line_1_53' title="bbox 580 3187 1606 3234; baseline 0.006 -12"><span class='ocrx_word' id='word_1_379' title='bbox 580 3188 600 3222; x_wconf 89' lang='grc'>7</span> <span class='ocrx_word' id='word_1_380' title='bbox 647 3187 792 3234; x_wconf 78' lang='lat' dir='ltr'>euodio]</span> <span class='ocrx_word' id='word_1_381' title='bbox 819 3189 1012 3226; x_wconf 85' lang='lat' dir='ltr'>theodosio</span> <span class='ocrx_word' id='word_1_382' title='bbox 1038 3196 1059 3225; x_wconf 82' lang='lat'><em>2</em></span> <span class='ocrx_word' id='word_1_383' title='bbox 1287 3203 1368 3227; x_wconf 79' lang='lat' dir='ltr'>cum</span> <span class='ocrx_word' id='word_1_384' title='bbox 1393 3193 1434 3227; x_wconf 86' lang='lat' dir='ltr'><em>E</em></span> <span class='ocrx_word' id='word_1_385' title='bbox 1443 3193 1502 3228; x_wconf 79' lang='lat' dir='ltr'>*E</span> <span class='ocrx_word' id='word_1_386' title='bbox 1522 3193 1606 3228; x_wconf 76' lang='lat' dir='ltr'>solis</span> 
     </span>
     <span class='ocr_line' id='line_1_54' title="bbox 397 3243 2111 3297; baseline 0.005 -19"><span class='ocrx_word' id='word_1_387' title='bbox 397 3244 450 3285; x_wconf 86' lang='lat'>13,</span> <span class='ocrx_word' id='word_1_388' title='bbox 469 3244 497 3284; x_wconf 93' lang='lat' dir='ltr'>l,</span> <span class='ocrx_word' id='word_1_389' title='bbox 514 3243 566 3285; x_wconf 85' lang='lat'>13,</span> <span class='ocrx_word' id='word_1_390' title='bbox 581 3245 602 3279; x_wconf 92' lang='lat'>2</span> <span class='ocrx_word' id='word_1_391' title='bbox 649 3245 808 3291; x_wconf 84' lang='lat' dir='ltr'>auraria]</span> <span class='ocrx_word' id='word_1_392' title='bbox 835 3247 984 3293; x_wconf 83' lang='lat' dir='ltr'>agraria</span> <span class='ocrx_word' id='word_1_393' title='bbox 1010 3248 1157 3284; x_wconf 85' lang='lat' dir='ltr'>auraria</span> <span class='ocrx_word' id='word_1_394' title='bbox 1289 3261 1369 3284; x_wconf 76' lang='lat' dir='ltr'>cum</span> <span class='ocrx_word' id='word_1_395' title='bbox 1384 3250 1423 3286; x_wconf 86' lang='lat' dir='ltr'><em>E</em></span> <span class='ocrx_word' id='word_1_396' title='bbox 1438 3250 1602 3297; x_wconf 84' lang='lat' dir='ltr'>(agraria</span> <span class='ocrx_word' id='word_1_397' title='bbox 1622 3251 1689 3292; x_wconf 63' lang='lat' dir='ltr'>E&#39;,</span> <span class='ocrx_word' id='word_1_398' title='bbox 1710 3250 1857 3287; x_wconf 83' lang='lat' dir='ltr'>auraria</span> <span class='ocrx_word' id='word_1_399' title='bbox 1875 3251 1913 3286; x_wconf 84' lang='lat' dir='ltr'><em>E</em></span> <span class='ocrx_word' id='word_1_400' title='bbox 1918 3254 1943 3296; x_wconf 80' lang='lat' dir='ltr'>t)</span> <span class='ocrx_word' id='word_1_401' title='bbox 1959 3251 2017 3287; x_wconf 82' lang='lat' dir='ltr'>*E</span> <span class='ocrx_word' id='word_1_402' title='bbox 2030 3253 2111 3288; x_wconf 79' lang='lat' dir='ltr'>solis</span> 
     </span>
    </p>
   </div>
   <div class='ocr_carea' id='block_1_12' title="bbox 397 3300 1608 3410">
    <p class='ocr_par' dir='ltr' id='par_1_25' title="bbox 397 3300 1608 3410">
     <span class='ocr_line' id='line_1_55' title="bbox 578 3300 1608 3349; baseline 0.007 -13"><span class='ocrx_word' id='word_1_403' title='bbox 578 3300 599 3335; x_wconf 88' lang='lat'><strong>3</strong></span> <span class='ocrx_word' id='word_1_404' title='bbox 647 3302 869 3349; x_wconf 90' lang='lat' dir='ltr'>cumuletur]</span> <span class='ocrx_word' id='word_1_405' title='bbox 894 3316 966 3339; x_wconf 90' lang='lat' dir='ltr'>non</span> <span class='ocrx_word' id='word_1_406' title='bbox 992 3306 1200 3342; x_wconf 88' lang='lat' dir='ltr'>cumuletur</span> <span class='ocrx_word' id='word_1_407' title='bbox 1223 3311 1244 3341; x_wconf 87' lang='lat'><strong><em>2</em></strong></span> <span class='ocrx_word' id='word_1_408' title='bbox 1289 3318 1369 3342; x_wconf 73' lang='lat' dir='ltr'>cum</span> <span class='ocrx_word' id='word_1_409' title='bbox 1394 3307 1503 3342; x_wconf 67' lang='lat' dir='ltr'>EOE</span> <span class='ocrx_word' id='word_1_410' title='bbox 1525 3309 1608 3343; x_wconf 82' lang='lat' dir='ltr'>solis</span> 
     </span>
     <span class='ocr_line' id='line_1_56' title="bbox 397 3359 1604 3410; baseline 0.006 -16"><span class='ocrx_word' id='word_1_411' title='bbox 397 3359 578 3401; x_wconf 84' lang='lat'>15,1‚9‚5</span> <span class='ocrx_word' id='word_1_412' title='bbox 649 3360 693 3397; x_wconf 91' lang='lat' dir='ltr'>de</span> <span class='ocrx_word' id='word_1_413' title='bbox 719 3361 891 3407; x_wconf 80' lang='lat' dir='ltr'>operibus</span> <span class='ocrx_word' id='word_1_414' title='bbox 917 3363 1093 3410; x_wconf 87' lang='lat' dir='ltr'>publicis]</span> <span class='ocrx_word' id='word_1_415' title='bbox 1119 3364 1202 3400; x_wconf 77' lang='lat' dir='ltr'>add.</span> <span class='ocrx_word' id='word_1_416' title='bbox 1287 3377 1366 3401; x_wconf 72' lang='lat' dir='ltr'>cum</span> <span class='ocrx_word' id='word_1_417' title='bbox 1393 3365 1433 3401; x_wconf 92' lang='lat' dir='ltr'><em>E</em></span> <span class='ocrx_word' id='word_1_418' title='bbox 1442 3366 1502 3401; x_wconf 72' lang='lat' dir='ltr'>*E</span> <span class='ocrx_word' id='word_1_419' title='bbox 1522 3367 1604 3401; x_wconf 80' lang='lat' dir='ltr'>solis</span> 
     </span>
    </p>
   </div>
  </div>
 </body>
</html>
