2485 3615
122 1908 258 1939 Codices

103 1954 274 1986 Rrezn'ao'ii

85 2001 131 2031 (κζ
157 2000 297 2031 Italiam

84 2058 123 2088 [ης
130 2048 296 2078 sementes.

1128 134 1170 139 —
1219 113 1374 150 CCCLII
1424 133 1466 139 —

335 224 398 268 qui
425 223 462 257 in
490 222 600 256 ltalia
626 224 790 265 tempore
817 218 934 264 patris
961 217 1039 252 eius
1064 216 1247 262 regnavit,
1275 215 1367 250 mihi
1392 217 1439 251 ad
1465 217 1681 252 solvendam
1705 218 1971 262 quaestionem,
1997 231 2085 254 num
2110 219 2259 255 Brevia-

335 281 428 315 rium
460 280 498 314 in
530 279 643 314 Italia
677 290 743 323 pro
777 278 859 323 lege
893 275 1022 316 fuerit,
1058 274 1212 316 nullius,
1249 274 1295 308 ad
1329 274 1595 319 explorandam
1629 286 1714 310 vero
1746 275 1926 321 originem
1957 277 2121 313 auctoris
2152 277 2261 313 huius

335 338 478 383 glossae
512 336 639 381 magni
670 334 848 369 momenti
883 345 959 368 esse
994 331 1151 366 videtur.
1200 331 1346 367 Resisto
1379 331 1684 376 interpretationi
1718 332 1860 368 decimo
1893 335 2041 370 saeculo
2076 334 2116 369 in
2148 335 2262 371 Italia

335 396 546 441 opinionem
583 393 695 428 fuisse
729 391 961 426 Breviarium
999 401 1042 424 ex
1079 388 1311 424 ordinatione
1347 389 1470 423 Caroli
1505 388 1542 423 in
1578 389 1800 434 quibusdam
1834 390 1968 427 Italiae
2002 392 2188 437 partibus,
2222 393 2262 427 in

335 453 469 497 quibus
496 452 551 486 ius
569 451 775 485 Romanum
800 448 857 483 ius
876 447 974 492 quod
999 446 1139 482 dicitur
1163 449 1283 481 terrae
1309 446 1392 488 fuit,
1419 446 1514 492 legis
1532 446 1659 491 vigore
1686 449 1855 482 omatum
1875 448 2024 495 fuisse1)
2044 451 2103 486 vel
2129 451 2262 487 saltem

336 510 509 546 Romanis
535 522 577 544 ex
603 507 728 544 Gallia
758 506 863 548 ortis,
899 505 963 549 qui
994 504 1032 539 in
1062 504 1175 539 Italia
1205 504 1431 540 habitabant
1463 505 1521 539 vel
1553 505 1601 540 ad
1629 506 1777 551 tempus
1807 507 1955 542 tantum
1984 508 2038 543 ibi
2064 520 2262 544 commora-

334 570 479 609 bantur,
506 568 543 601 iu
569 567 643 601 illis
670 564 798 604 causis,
825 563 862 597 in
890 562 1026 607 quibus
1051 562 1111 597 lex
1138 561 1293 607 originis
1319 561 1533 597 adhibenda
1559 565 1649 604 erat,
1674 563 1883 608 promiscue
1909 576 1975 609 pro
2000 566 2083 611 lege
2107 566 2263 610 fuisse.²)

335 627 394 660 Ius
419 626 624 660 Romanum
650 623 703 658 ibi
728 619 984 656 codificatione
1011 618 1211 654 Iustiniani
1237 619 1368 654 aliisve
1395 620 1569 664 operibus
1599 632 1643 656 ex
1667 621 1794 656 eadem
1822 621 2036 667 compilatis
2061 623 2262 665 nitebatur,

334 684 396 719 scd
430 681 717 727 p1·aese1·tim·in
750 678 920 724 partibus
956 677 1062 723 regni
1094 677 1370 723 Langobardici
1409 689 1453 713 ex
1484 678 1714 723 temporibus
1751 679 1835 715 aevi
1866 679 2034 715 Karolini
2071 681 2264 717 elementis

336 740 638 775 Germanicarum
667 739 790 783 legum
827 735 1101 780 aliquantulum
1129 734 1400 770 immutabatur
1429 737 1467 771 et
1498 735 1639 770 iudices
1664 736 1790 771 Italici
1820 737 1898 772 iure
1923 738 2072 783 quidem
2098 739 2264 775 Romano

334 797 541 832 iudicantes
573 796 733 841 impigro
766 807 833 829 usu
867 793 1160 837 commercioque
1193 793 1290 828 inter
1316 793 1511 829 Franciam
1537 796 1574 828 et
1600 794 1749 829 Italiam
1775 794 2028 832 intercedente
2054 797 2266 841 fragmenta

334 854 515 890 Breviarii
552 854 702 897 eiusque
739 850 1092 897 interpretationum
1130 858 1168 886 et
1205 850 1470 896 epitomarum,
1509 851 1646 896 quibus
1682 852 1840 887 Romani
1873 854 1973 888 ultra
2006 854 2095 889 fines
2132 854 2266 890 Italiae

336 912 528 953 vivebant,
561 911 623 946 hic
654 910 808 955 illicque
840 909 1038 944 memoriae
1069 908 1310 944 mandabant.
1361 909 1412 944 Ut
1442 909 1539 945 infra
1572 910 1801 952 ostendetur,
1835 923 1906 946 non
1940 911 2059 946 solum
2084 911 2267 947 Breviarii

335 969 478 1005 codices
511 970 548 1004 in
575 968 687 1004 Italia
717 967 967 1013 reperiuntur,
1002 967 1065 1002 sed
1098 965 1214 1001 etiam
1246 967 1457 1012 fragmenta
1490 967 1676 1013 epitomae
1704 967 1934 1013 Aegidianae
1966 968 2006 1004 in
2038 969 2267 1015 exemplaria

335 1027 471 1062 codicis
497 1025 693 1062 Iustiniani
721 1028 758 1061 et
784 1024 870 1059 libri
898 1023 1092 1070 Papiensis
1118 1023 1347 1059 transierunt
1371 1025 1626 1070 formulaeque
1650 1025 1729 1061 iure
1750 1025 1928 1061 Breviarii
1952 1026 2115 1063 nitentes
2139 1040 2267 1064 manu·

335 1084 483 1129 scriptis
517 1084 660 1119 Italicis
694 1083 961 1118 inserebantur.
1013 1081 1081 1116 Cui
1116 1081 1231 1116 addas
1266 1081 1304 1116 in
1338 1082 1513 1127 partibus
1548 1083 1706 1119 Raetiae
1733 1083 1917 1120 Curiensis
1946 1084 2051 1120 illam
2085 1085 2267 1121 Breviarii

336 1141 523 1187 epitomen
542 1141 635 1187 legis
654 1141 729 1175 vim
747 1140 937 1186 accepisse
963 1139 1070 1184 eique
1096 1139 1134 1174 in
1153 1138 1269 1174 Tiroli
1294 1140 1539 1183 meridionali,
1566 1141 1669 1176 cuius
1694 1144 1841 1186 partem
1866 1141 1964 1177 inter
1980 1142 2074 1178 alias
2095 1143 2268 1180 nationes

335 1201 448 1236 etiam
472 1200 560 1235 Itali
585 1200 768 1240 colebant,
795 1211 899 1233 usum
924 1198 1110 1242 quendam
1135 1197 1317 1232 forensem
1343 1198 1546 1234 obvenisse.
1593 1199 1674 1241 Qua
1698 1211 1737 1235 re
1762 1211 1836 1234 non
1860 1199 2005 1235 mireris
2029 1200 2205 1237 notitiam
2229 1203 2268 1237 et

337 1258 514 1293 Brevi-arii
549 1257 686 1302 integri
718 1256 978 1302 epitomaeque
1009 1255 1160 1301 Aegidii
1192 1255 1251 1289 vel
1285 1255 1470 1290 variorum
1503 1268 1546 1292 ex
1580 1256 1639 1291 his
1669 1256 1776 1292 libris
1810 1261 2069 1302 excerptorum
2101 1261 2139 1294 et
2171 1258 2268 1305 legis

335 1315 518 1352 Curiensis
544 1318 697 1361 propter
721 1315 871 1349 brevem
896 1317 933 1349 et
960 1313 1146 1348 concisam
1172 1314 1329 1349 formam
1362 1317 1400 1349 et
1426 1313 1530 1358 quia,
1557 1315 1657 1359 quod
1681 1317 1908 1358 statuerunt,
1941 1327 2052 1361 saepe
2078 1315 2157 1351 iure
2182 1307 2267 1352 G'er-

335 1373 480 1409 manico
514 1373 753 1408 immutatum
786 1373 915 1416 itaque
950 1371 1007 1406 his
1039 1371 1270 1416 temporibus
1295 1373 1578 1407 accomodatum
1608 1375 1705 1415 erat,
1740 1373 1779 1407 in
1812 1376 1939 1418 partes
1964 1374 2099 1409 Italiae
2125 1373 2269 1409 vicinas

336 1434 550 1477 penetrasse
575 1431 788 1475 ibidemque
814 1431 881 1465 has
906 1430 1007 1475 leges
1034 1441 1107 1464 una
1133 1441 1216 1464 cum
1242 1429 1329 1464 aliis
1354 1429 1444 1465 iuris
1470 1429 1576 1466 libris
1603 1431 1808 1476 descriptas
1833 1433 1956 1475 esse.³)
2000 1431 2096 1472 Quia
2120 1431 2268 1468 Brevia-

334 1491 429 1526 rium
455 1492 492 1524 et
517 1490 576 1524 Iex
600 1489 767 1524 Romana
794 1487 981 1523 Curiensis
1011 1490 1054 1522 ut
1080 1487 1282 1522 Iustiniani
1313 1500 1406 1533 opus
1433 1488 1490 1523 ius
1516 1487 1722 1524 Romanum
1748 1489 2002 1530 continebant,
2035 1489 2268 1525 coniecturae

335 1552 458 1584 favere
483 1548 612 1583 malim
637 1546 779 1581 iudices
797 1546 930 1581 Italiae
956 1546 1030 1580 illis
1057 1546 1289 1590 temporibus
1307 1546 1558 1582 differentiam
1583 1546 1683 1582 inter
1701 1547 1791 1582 duas
1818 1545 2093 1582 codificationes
2110 1547 2268 1592 plerum-

336 1619 406 1651 que
431 1618 502 1641 non
528 1605 620 1640 satis
645 1604 916 1650 intelligentes,
952 1603 983 1638 si
1013 1603 1109 1639 libro
1142 1603 1233 1638 iuris
1259 1604 1419 1639 Romani
1452 1605 1672 1646 utebantur,
1707 1617 1781 1640 non
1807 1603 2132 1647 animadvertisse,
2167 1605 2270 1640 cuius

335 1663 480 1710 generis
510 1663 638 1704 fuerit,
672 1663 802 1706 itaque
833 1662 1035 1697 secundum
1060 1662 1182 1707 legem
1208 1661 1415 1697 Romanam
1441 1662 1682 1698 decernentes
1707 1662 1768 1697 hic
1793 1662 1930 1697 librum
1956 1662 2046 1696 iuris
2071 1661 2270 1698 Iustiniani

336 1722 569 1756 decurtatum
600 1721 659 1756 vel
692 1719 994 1765 compendiatum
1025 1718 1088 1753 ille
1116 1731 1201 1754 vero
1230 1719 1461 1755 Breviarium
1496 1720 1553 1756 vel
1591 1719 1670 1756 eius
1702 1719 1903 1766 epitomas,
1938 1720 1969 1754 si
1998 1720 2065 1755 hos
2089 1719 2204 1755 libros
2235 1719 2269 1755 ei

337 1781 484 1824 praesto
519 1780 639 1820 erant,
675 1777 889 1813 adhibuisse
923 1777 1080 1812 videtur.
1133 1777 1213 1817 Qua
1249 1777 1399 1821 quidem
1434 1777 1579 1813 ratione
1614 1777 1727 1813 etiam
1754 1777 1944 1813 Breviario
1978 1777 2015 1812 in
2048 1777 2270 1822 quibusdam

336 1837 468 1872 Italiae
495 1836 667 1882 partibus
694 1848 798 1870 usum
823 1836 1004 1870 forensem
1031 1834 1211 1881 obtigisse
1238 1835 1447 1880 putandum
1473 1838 1539 1871 est.

450 1906 517 1940 His
535 1904 747 1951 praemissis
764 1904 940 1939 notitiam
957 1916 1137 1948 usumque
1157 1904 1424 1939 scholasticum
1438 1904 1621 1940 Breviarii
1639 1916 1706 1950 per
1723 1904 1875 1940 Italiam
1893 1905 2092 1941 tractaturi
2110 1904 2271 1951 primum

337 1965 556 1999 adnotamus
582 1963 777 1998 nonnullos
803 1962 947 1998 codices
972 1961 1204 1997 Breviarium
1231 1963 1289 1997 vel
1316 1960 1641 2007 eo1npendia'eius
1674 1961 1908 1998 continentes
1933 1962 2089 2008 originis
2114 1963 2271 1999 Italicae

335 2033 412 2057 esse
446 2021 503 2056 vel
535 2021 574 2055 in
600 2020 843 2056 bibliothecis
876 2020 979 2054 illius
1010 2022 1129 2055 terrae
1163 2019 1373 2064 antiquitus
1407 2022 1645 2056 conservatos
1677 2031 1764 2055 esse.
1814 2020 1922 2056 Nono
1947 2019 2096 2057 saeculo
2121 2021 2271 2057 exeunti

338 2080 393 2114 vel
432 2079 573 2114 decimo
611 2078 808 2123 incipienti
847 2077 991 2113 codices
1027 2078 1056 2112 E
1094 2080 1132 2113 et
1169 2078 1202 2112 X
1240 2078 1278 2112 in
1314 2077 1548 2114 bibliotheca
1587 2078 1747 2123 capituli
1786 2078 2045 2123 Eporediensis
2082 2078 2272 2115 tribuendi

336 2139 432 2179 sunt,
465 2136 529 2181 qui
560 2137 680 2181 legem
714 2138 879 2171 nostram
911 2135 1113 2171 continent.
1164 2135 1235 2171 Sed
1266 2138 1389 2171 utrum
1423 2135 1460 2170 in
1495 2135 1609 2170 Italia
1640 2134 1800 2171 confecti
1832 2135 1908 2170 sint
1939 2148 1987 2171 an
2016 2135 2166 2172 aliunde
2196 2136 2272 2172 iam

338 2195 481 2239 pridem
505 2194 543 2228 in
568 2194 669 2229 illius
696 2193 855 2239 capituli
882 2193 1153 2229 bibliothecam
1179 2193 1346 2229 venerint
1371 2194 1533 2228 nondum
1559 2195 1716 2228 constat.
1759 2192 2046 2229 Animadvertas
2072 2194 2211 2230 codicis
2239 2195 2271 2229 X

338 2253 616 2287 Murbacensem
650 2251 883 2296 deperditum
914 2251 1117 2297 gemellum
1146 2250 1275 2292 fuisse,
1309 2250 1413 2286 cuius
1447 2250 1557 2295 copia
1588 2251 1688 2285 iussu
1713 2250 1899 2286 Bonifacii
1924 2251 2165 2287 Amerbachii
2191 2263 2272 2287 con-

338 2309 480 2355 scripta
505 2309 543 2343 in
568 2308 800 2344 bibliotheca
825 2308 979 2354 publica
1004 2308 1174 2344 Basileae
1201 2312 1380 2354 superest.
1423 2308 1569 2344 Codicis
1596 2320 1681 2344 vero
1706 2309 1735 2343 E
1762 2308 1910 2354 copiam
1936 2309 2115 2345 habemus
2140 2309 2178 2344 in
2204 2309 2272 2345 illo

340 2368 410 2408 E&
437 2379 544 2412 quem
571 2367 901 2402 Vesontionensem
928 2365 1072 2401 Cuiacii
1099 2369 1136 2401 et
1162 2365 1312 2402 Pithoei
1339 2378 1416 2402 esse
1442 2366 1615 2411 dicunt.⁴)
1665 2366 1820 2402 Patetta
1846 2366 1935 2411 [AG.
1961 2366 2107 2408 XLVII,
2133 2367 2188 2402 26.
2215 2367 2271 2412 30]

340 2425 453 2460 etiam
480 2425 643 2460 codicem
670 2425 697 2458 L
724 2424 857 2460 Italiae
882 2424 1033 2466 tribuit,
1066 2425 1129 2459 sed
1153 2423 1241 2459 huic
1268 2424 1435 2469 opinioni
1465 2425 1608 2459 nullum
1635 2426 1896 2470 argumentum
1921 2425 2087 2470 praebet.
2137 2424 2274 2460 Contra

340 2483 556 2518 Hauboldus
583 2484 752 2517 auctores
778 2482 880 2517 libri:
905 2483 1099 2518 ‘Nouveau
1117 2482 1246 2517 Traite
1272 2482 1317 2517 de
1334 2482 1631 2527 Diplomatique'
1647 2484 1796 2517 secutus
1823 2481 1987 2517 codicem
2013 2484 2080 2518 aut
2103 2481 2144 2517 in
2160 2482 2274 2518 Italia

341 2545 406 2577 aut
431 2542 469 2576 in
495 2541 619 2577 Gallia
644 2541 879 2577 meridionali
905 2541 1083 2587 scriptum
1111 2553 1188 2577 esse
1214 2544 1336 2586 putat,
1362 2541 1566 2577 Haenelius
1592 2553 1677 2576 vero
1696 2540 1842 2576 Galliae
1868 2539 2103 2576 meridionali
2127 2539 2271 2575 adiudi-

342 2601 448 2643 catfi)
504 2599 696 2641 Codicum,
733 2599 796 2643 qui
829 2598 1011 2635 Breviarii
1049 2598 1308 2635 additamenta
1345 2601 1496 2644 sumpta
1534 2610 1577 2634 ex
1612 2598 1758 2644 integro
1791 2596 2048 2633 Theodosiano
2079 2597 2272 2643 praebent,

342 2657 605 2692 Ambrosianus
632 2658 658 2692 C
684 2658 727 2692 29
746 2657 809 2692 inf.
829 2658 885 2702 [A]
912 2670 938 2692 s.
959 2658 1020 2692 XI.
1046 2659 1200 2703 propter
1224 2657 1459 2702 scripturam,
1486 2669 1582 2702 quae
1609 2655 1722 2692 variis
1747 2655 1839 2691 locis
1865 2657 2040 2700 corrupta
2066 2656 2132 2697 est,
2157 2655 2273 2700 potis—

461 2805 485 2848 ι>
511 2806 579 2838 Cfr.
598 2816 686 2847 quae
709 2806 836 2837 Calisse
862 2805 881 2836 l.
902 2816 929 2837 c.
949 2804 994 2837 53
1019 2809 1159 2837 auctore
1177 2804 1365 2848 Schupfero
1391 2802 1478 2847 [Atti
1504 2804 1595 2837 della
1620 2805 1658 2836 R.
1677 2804 1793 2837 accad.
1820 2803 1873 2835 dei
1890 2801 2019 2836 Lincei.
2046 2802 2078 2834 S.
2096 2801 2154 2842 IV,
2180 2800 2222 2840 cl,
2240 2799 2274 2832 di

343 2852 473 2885 scienze
500 2853 620 2885 morali
646 2852 720 2884 vol.
738 2850 820 2893 111ss
850 2849 892 2883 78
907 2850 929 2895 ¹]
957 2852 1125 2894 exposuit.

461 2916 487 2957 ²)
514 2916 582 2948 Cfr.
610 2927 695 2958 quae
720 2917 851 2948 Patetta
871 2917 942 2948 AG.
963 2914 1004 2948 15
1030 2920 1063 2948 et
1087 2915 1255 2947 Fournier
1281 2915 1316 2947 in
1334 2916 1423 2947 Ann.
1442 2917 1538 2947 Grat.
1558 2916 1616 2954 XI,
1634 2912 1701 2946 399
1728 2914 1899 2946 dixerunt.
1941 2913 1993 2945 De
2016 2912 2135 2955 vigore
2158 2911 2274 2954 legum

344 2963 572 2994 Romanarum
604 2963 638 2994 in
663 2963 770 2995 forma
802 2962 884 2994 iuris
909 2967 1018 2995 terrae
1045 2959 1262 3004 [Landrecht]
1295 2966 1329 2993 et
1360 2962 1445 2994 iuris
1476 2962 1618 3003 originis
1645 2959 1893 3003 [personliches
1917 2955 2038 3000 Recht]
2071 2969 2130 3001 per
2163 2962 2277 3000 partes

347 3009 461 3040 Italiae
487 3010 618 3047 confer,
651 3019 741 3049 quae
767 3009 959 3050 nuperrime
984 3008 1021 3040 C.
1047 3009 1239 3049 Neumeyer
1263 3006 1344 3040 ‘Die
1369 3008 1690 3050 gemeinrechtliche
1717 3006 1962 3048 Eutwieklung
1991 3005 2050 3037 des
2080 3003 2278 3037 internatio-

345 3054 445 3086 nalen
471 3055 702 3087 Privatreehts
727 3055 796 3086 und
823 3054 1048 3087 Strafrechtes
1073 3055 1126 3086 bis
1151 3051 1323 3086 Bartolus'
1347 3052 1465 3096 (1901)
1492 3053 1751 3096 diligentissime
1777 3052 1945 3095 exposuit.

462 3117 488 3158 ³>
513 3118 677 3150 Memoria
707 3118 848 3160 dignum
881 3124 931 3150 est
962 3123 1030 3149 tres
1054 3117 1145 3149 locos
1177 3128 1219 3148 ex
1245 3117 1320 3159 lege
1345 3118 1497 3149 Romana
1521 3116 1676 3149 Curiensi
1702 3117 1736 3148 in
1762 3114 1915 3158 capitula
1939 3113 2079 3147 Lodoici
2103 3113 2277 3146 transiisse

347 3163 529 3204 eademque
548 3164 623 3205 lege
641 3167 806 3205 quaedam
826 3164 945 3196 Italiae
971 3169 1099 3196 statuta
1125 3168 1162 3195 ut
1180 3163 1287 3195 Vallis
1304 3163 1458 3196 Tellinae
1483 3163 1517 3195 in
1544 3163 1741 3195 ordinandis
1758 3162 1842 3194 iuris
1859 3160 1980 3193 dotalis
2002 3159 2276 3192 institutionibus

348 3208 421 3241 nisa
446 3220 519 3241 esse
545 3208 683 3252 [Conrat
707 3211 731 3249 I,
750 3208 828 3252 285,
855 3210 1016 3242 Voltelini
1040 3210 1062 3241 l.
1081 3221 1109 3242 c.
1133 3208 1194 3241 154
1209 3207 1247 3251 4].

464 3271 490 3314 ⁴)
516 3274 585 3305 Csr.
610 3274 799 3306 Mommsen
824 3274 859 3305 in
884 3273 937 3305 his
962 3273 1095 3315 Proleg.
1121 3273 1275 3305 LXXIV.
1302 3273 1429 3305 LXVII
1443 3284 1492 3315 sq.

466 3334 492 3377 ⁶)
518 3337 649 3369 Haenel
673 3338 772 3369 LRV.
800 3337 921 3369 XLIX.
950 3335 1002 3369 12.
