<?xml version="1.0" encoding="UTF-8"?>
<!DOCTYPE html PUBLIC "-//W3C//DTD XHTML 1.0 Transitional//EN"
    "http://www.w3.org/TR/xhtml1/DTD/xhtml1-transitional.dtd">
<html xmlns="http://www.w3.org/1999/xhtml" xml:lang="en" lang="en">
 <head>
  <title>
</title>
<meta http-equiv="Content-Type" content="text/html;charset=utf-8" />
  <meta name='ocr-system' content='tesseract 3.04.00' />
  <meta name='ocr-capabilities' content='ocr_page ocr_carea ocr_par ocr_line ocrx_word'/>
</head>
<body>
  <div class='ocr_page' id='page_1' title='image "./theodosianilibri00codeuoft_0075.png"; bbox 0 0 2501 3615; ppageno 0'>
   <div class='ocr_carea' id='block_1_1' title="bbox 978 140 1277 178">
    <p class='ocr_par' dir='ltr' id='par_1_1' title="bbox 978 140 1277 178">
     <span class='ocr_line' id='line_1_1' title="bbox 978 140 1277 178; baseline 0 0"><span class='ocrx_word' id='word_1_1' title='bbox 978 164 1020 169; x_wconf 93' lang='lat'>——</span> <span class='ocrx_word' id='word_1_2' title='bbox 1070 140 1185 178; x_wconf 87' lang='lat' dir='ltr'>LXIX</span> <span class='ocrx_word' id='word_1_3' title='bbox 1235 162 1277 168; x_wconf 94' lang='lat'><em>-</em></span> 
     </span>
    </p>
   </div>
   <div class='ocr_carea' id='block_1_2' title="bbox 163 244 2093 329">
    <p class='ocr_par' dir='ltr' id='par_1_2' title="bbox 163 244 2093 329">
     <span class='ocr_line' id='line_1_2' title="bbox 163 244 2093 329; baseline -0.002 -44"><span class='ocrx_word' id='word_1_4' title='bbox 163 286 253 329; x_wconf 63' lang='lat' dir='ltr'>quat</span> <span class='ocrx_word' id='word_1_5' title='bbox 291 281 676 317; x_wconf 34' lang='lat' dir='ltr'>XXVIII—XXXIV</span> <span class='ocrx_word' id='word_1_6' title='bbox 714 282 731 316; x_wconf 73' lang='lat' dir='ltr'>f</span> <span class='ocrx_word' id='word_1_7' title='bbox 767 284 858 317; x_wconf 64' lang='lat' dir='ltr'>l—G</span> <span class='ocrx_word' id='word_1_8' title='bbox 897 284 933 327; x_wconf 53' lang='lat' dir='ltr'>(q</span> <span class='ocrx_word' id='word_1_9' title='bbox 973 282 1090 316; x_wconf 40' lang='lat' dir='ltr'>xxm</span> <span class='ocrx_word' id='word_1_10' title='bbox 1136 245 1350 326; x_wconf 34' lang='lat' dir='ltr'>&amp;incipiunt</span> <span class='ocrx_word' id='word_1_11' title='bbox 1383 258 1405 281; x_wconf 85' lang='lat' dir='ltr'>a</span> <span class='ocrx_word' id='word_1_12' title='bbox 1438 245 1558 281; x_wconf 84' lang='lat' dir='ltr'>verbis</span> <span class='ocrx_word' id='word_1_13' title='bbox 1591 245 1658 280; x_wconf 81' lang='lat' dir='ltr'>Gai</span> <span class='ocrx_word' id='word_1_14' title='bbox 1692 244 1750 281; x_wconf 84' lang='lat' dir='ltr'>tit.</span> <span class='ocrx_word' id='word_1_15' title='bbox 1785 245 1827 281; x_wconf 91' lang='lat' dir='ltr'>de</span> <span class='ocrx_word' id='word_1_16' title='bbox 1860 247 2093 283; x_wconf 69' lang='lat' dir='ltr'>testamentis</span> 
     </span>
    </p>
   </div>
   <div class='ocr_carea' id='block_1_3' title="bbox 164 304 2093 466">
    <p class='ocr_par' dir='ltr' id='par_1_3' title="bbox 164 304 2093 466">
     <span class='ocr_line' id='line_1_3' title="bbox 186 304 2093 403; baseline -0.003 -28"><span class='ocrx_word' id='word_1_17' title='bbox 186 341 327 376; x_wconf 85' lang='lat' dir='ltr'>XXXII</span> <span class='ocrx_word' id='word_1_18' title='bbox 342 339 561 385; x_wconf 77' lang='lat' dir='ltr'>transpositi</span> <span class='ocrx_word' id='word_1_19' title='bbox 581 339 1110 384; x_wconf 54' lang='lat' dir='ltr'>sunt):Rosanufilfflvlw</span> <span class='ocrx_word' id='word_1_20' title='bbox 1137 349 1148 402; x_wconf 63' lang='grc' dir='ltr'><em>Ι</em></span> <span class='ocrx_word' id='word_1_21' title='bbox 1210 304 1548 403; x_wconf 40' lang='grc' dir='ltr'>ξηᾶΡζῗιαΙζηέἒέἷέ</span> <span class='ocrx_word' id='word_1_22' title='bbox 1573 305 1718 395; x_wconf 51' lang='grc' dir='ltr'>ῗζιὲξξίι</span> <span class='ocrx_word' id='word_1_23' title='bbox 1733 304 1928 396; x_wconf 46' lang='grc' dir='ltr'>ἴξῖῒῼέαἶῖῖἰ</span> <span class='ocrx_word' id='word_1_24' title='bbox 1963 307 2093 340; x_wconf 60' lang='lat' dir='ltr'>fimum</span> 
     </span>
     <span class='ocr_line' id='line_1_4' title="bbox 164 418 789 466; baseline -0.005 -10"><span class='ocrx_word' id='word_1_25' title='bbox 164 423 267 466; x_wconf 76' lang='lat' dir='ltr'>quat..</span> <span class='ocrx_word' id='word_1_26' title='bbox 288 419 446 454; x_wconf 76' lang='lat' dir='ltr'>XXXIV</span> <span class='ocrx_word' id='word_1_27' title='bbox 472 419 494 454; x_wconf 88' lang='lat' dir='ltr'>f.</span> <span class='ocrx_word' id='word_1_28' title='bbox 516 420 546 454; x_wconf 77' lang='lat'>7.</span> <span class='ocrx_word' id='word_1_29' title='bbox 565 421 587 455; x_wconf 85' lang='lat'>8</span> <span class='ocrx_word' id='word_1_30' title='bbox 614 418 789 454; x_wconf 87' lang='lat' dir='ltr'>deficiunt</span> 
     </span>
    </p>
   </div>
   <div class='ocr_carea' id='block_1_4' title="bbox 165 464 2101 927">
    <p class='ocr_par' dir='ltr' id='par_1_4' title="bbox 1167 464 2098 567">
     <span class='ocr_line' id='line_1_5' title="bbox 1167 464 2098 510; baseline 0 -10"><span class='ocrx_word' id='word_1_31' title='bbox 1167 466 1305 500; x_wconf 85' lang='lat' dir='ltr'>Paulus</span> <span class='ocrx_word' id='word_1_32' title='bbox 1330 465 1414 500; x_wconf 87' lang='lat' dir='ltr'>iude</span> <span class='ocrx_word' id='word_1_33' title='bbox 1437 476 1458 500; x_wconf 87' lang='lat' dir='ltr'>a</span> <span class='ocrx_word' id='word_1_34' title='bbox 1477 465 1507 506; x_wconf 84' lang='lat'>5,</span> <span class='ocrx_word' id='word_1_35' title='bbox 1522 465 1576 507; x_wconf 74' lang='lat'>35,</span> <span class='ocrx_word' id='word_1_36' title='bbox 1594 465 1609 499; x_wconf 93' lang='lat'>1</span> <span class='ocrx_word' id='word_1_37' title='bbox 1639 464 1680 499; x_wconf 79' lang='lat' dir='ltr'>(Ie</span> <span class='ocrx_word' id='word_1_38' title='bbox 1697 465 1924 500; x_wconf 70' lang='lat' dir='ltr'>ecczctionibus·</span> <span class='ocrx_word' id='word_1_39' title='bbox 1941 469 1971 500; x_wconf 71' lang='lat' dir='ltr'>et</span> <span class='ocrx_word' id='word_1_40' title='bbox 1992 468 2098 510; x_wconf 81' lang='lat' dir='ltr'>penis</span> 
     </span>
     <span class='ocr_line' id='line_1_6' title="bbox 1213 523 1497 567; baseline -0.007 -10"><span class='ocrx_word' id='word_1_41' title='bbox 1213 523 1497 567; x_wconf 77' lang='lat' dir='ltr'><em>appellationum</em></span> 
     </span>
    </p>

    <p class='ocr_par' dir='ltr' id='par_1_5' title="bbox 165 579 1779 627">
     <span class='ocr_line' id='line_1_7' title="bbox 165 579 1779 627; baseline -0.001 -11"><span class='ocrx_word' id='word_1_42' title='bbox 165 583 268 627; x_wconf 83' lang='lat' dir='ltr'>quat.</span> <span class='ocrx_word' id='word_1_43' title='bbox 284 581 423 616; x_wconf 66' lang='lat' dir='ltr'>XXXV</span> <span class='ocrx_word' id='word_1_44' title='bbox 443 596 484 610; x_wconf 88' lang='lat'><strong><em>=</em></strong></span> <span class='ocrx_word' id='word_1_45' title='bbox 511 580 698 616; x_wconf 73' lang='lat' dir='ltr'>Parisinus</span> <span class='ocrx_word' id='word_1_46' title='bbox 723 579 815 615; x_wconf 77' lang='lat'>4406</span> <span class='ocrx_word' id='word_1_47' title='bbox 841 580 863 614; x_wconf 89' lang='lat' dir='ltr'>f.</span> <span class='ocrx_word' id='word_1_48' title='bbox 881 581 1029 614; x_wconf 71' lang='lat'>49-56</span> <span class='ocrx_word' id='word_1_49' title='bbox 1168 580 1366 625; x_wconf 83' lang='lat' dir='ltr'>Appendix</span> <span class='ocrx_word' id='word_1_50' title='bbox 1393 579 1570 625; x_wconf 84' lang='lat' dir='ltr'>Kruegeri</span> <span class='ocrx_word' id='word_1_51' title='bbox 1596 580 1779 625; x_wconf 80' lang='lat' dir='ltr'>posterior</span> 
     </span>
    </p>

    <p class='ocr_par' dir='ltr' id='par_1_6' title="bbox 1169 636 1697 682">
     <span class='ocr_line' id='line_1_8' title="bbox 1169 636 1697 682; baseline 0.002 -11"><span class='ocrx_word' id='word_1_52' title='bbox 1169 637 1365 682; x_wconf 77' lang='lat' dir='ltr'>Appendix</span> <span class='ocrx_word' id='word_1_53' title='bbox 1392 636 1570 681; x_wconf 71' lang='lat' dir='ltr'>Kruegeri</span> <span class='ocrx_word' id='word_1_54' title='bbox 1598 637 1697 682; x_wconf 88' lang='lat' dir='ltr'>prior</span> 
     </span>
    </p>

    <p class='ocr_par' dir='ltr' id='par_1_7' title="bbox 1168 695 2098 738">
     <span class='ocr_line' id='line_1_9' title="bbox 1168 695 2098 738; baseline 0.001 -10"><span class='ocrx_word' id='word_1_55' title='bbox 1168 695 1326 738; x_wconf 64' lang='lat' dir='ltr'>Emplicit</span> <span class='ocrx_word' id='word_1_56' title='bbox 1350 695 1433 729; x_wconf 75' lang='lat' dir='ltr'>liber</span> <span class='ocrx_word' id='word_1_57' title='bbox 1450 695 1563 737; x_wconf 68' lang='lat' dir='ltr'>Jeyzcm</span> <span class='ocrx_word' id='word_1_58' title='bbox 1579 695 1818 730; x_wconf 61' lang='lat' dir='ltr'>Theodosiana·</span> <span class='ocrx_word' id='word_1_59' title='bbox 1836 698 1865 729; x_wconf 78' lang='lat' dir='ltr'>et</span> <span class='ocrx_word' id='word_1_60' title='bbox 1886 696 2098 729; x_wconf 66' lang='lat' dir='ltr'>novellarum</span> 
     </span>
    </p>

    <p class='ocr_par' dir='ltr' id='par_1_8' title="bbox 283 763 2101 810">
     <span class='ocr_line' id='line_1_10' title="bbox 283 763 2101 810; baseline -0.001 -10"><span class='ocrx_word' id='word_1_61' title='bbox 283 765 384 800; x_wconf 82' lang='lat' dir='ltr'>Inter</span> <span class='ocrx_word' id='word_1_62' title='bbox 413 765 690 807; x_wconf 84' lang='lat' dir='ltr'>adnotationes,</span> <span class='ocrx_word' id='word_1_63' title='bbox 722 777 814 810; x_wconf 79' lang='lat' dir='ltr'>quas</span> <span class='ocrx_word' id='word_1_64' title='bbox 847 764 1025 799; x_wconf 76' lang='lat' dir='ltr'>Pithoeus</span> <span class='ocrx_word' id='word_1_65' title='bbox 1056 763 1260 809; x_wconf 82' lang='lat' dir='ltr'>exemplari</span> <span class='ocrx_word' id='word_1_66' title='bbox 1285 763 1461 799; x_wconf 82' lang='lat' dir='ltr'>editionis</span> <span class='ocrx_word' id='word_1_67' title='bbox 1488 763 1712 799; x_wconf 82' lang='lat' dir='ltr'>Cuiaciauae</span> <span class='ocrx_word' id='word_1_68' title='bbox 1745 763 1877 809; x_wconf 83' lang='lat' dir='ltr'>prioris</span> <span class='ocrx_word' id='word_1_69' title='bbox 1903 763 2013 799; x_wconf 89' lang='lat' dir='ltr'>hodie</span> <span class='ocrx_word' id='word_1_70' title='bbox 2039 764 2101 798; x_wconf 81' lang='lat' dir='ltr'>ad-</span> 
     </span>
    </p>

    <p class='ocr_par' dir='ltr' id='par_1_9' title="bbox 168 820 2101 927">
     <span class='ocr_line' id='line_1_11' title="bbox 168 820 2101 868; baseline -0.002 -9"><span class='ocrx_word' id='word_1_71' title='bbox 168 826 315 860; x_wconf 81' lang='lat' dir='ltr'>servato</span> <span class='ocrx_word' id='word_1_72' title='bbox 349 823 387 858; x_wconf 88' lang='lat' dir='ltr'>in</span> <span class='ocrx_word' id='word_1_73' title='bbox 420 823 654 859; x_wconf 78' lang='lat' dir='ltr'>bibliotheca</span> <span class='ocrx_word' id='word_1_74' title='bbox 685 822 839 868; x_wconf 84' lang='lat' dir='ltr'>publica</span> <span class='ocrx_word' id='word_1_75' title='bbox 872 821 1041 857; x_wconf 76' lang='lat' dir='ltr'>Parisina</span> <span class='ocrx_word' id='word_1_76' title='bbox 1074 821 1288 867; x_wconf 72' lang='lat' dir='ltr'>adscripsit,</span> <span class='ocrx_word' id='word_1_77' title='bbox 1317 821 1410 857; x_wconf 83' lang='lat' dir='ltr'>duae</span> <span class='ocrx_word' id='word_1_78' title='bbox 1437 824 1522 856; x_wconf 82' lang='lat' dir='ltr'>sunt</span> <span class='ocrx_word' id='word_1_79' title='bbox 1550 820 1733 856; x_wconf 83' lang='lat' dir='ltr'>notabiles</span> <span class='ocrx_word' id='word_1_80' title='bbox 1759 823 1975 866; x_wconf 82' lang='lat' dir='ltr'>propterea,</span> <span class='ocrx_word' id='word_1_81' title='bbox 2003 821 2101 865; x_wconf 84' lang='lat' dir='ltr'>quod</span> 
     </span>
     <span class='ocr_line' id='line_1_12' title="bbox 168 880 876 927; baseline -0.003 -11"><span class='ocrx_word' id='word_1_82' title='bbox 168 881 279 916; x_wconf 85' lang='lat' dir='ltr'>huius</span> <span class='ocrx_word' id='word_1_83' title='bbox 304 880 443 916; x_wconf 87' lang='lat' dir='ltr'>codicis</span> <span class='ocrx_word' id='word_1_84' title='bbox 468 880 648 927; x_wconf 83' lang='lat' dir='ltr'>originem</span> <span class='ocrx_word' id='word_1_85' title='bbox 673 881 876 916; x_wconf 82' lang='lat' dir='ltr'>declarant.</span> 
     </span>
    </p>
   </div>
   <div class='ocr_carea' id='block_1_5' title="bbox 261 948 2104 1282">
    <p class='ocr_par' dir='ltr' id='par_1_10' title="bbox 261 948 2104 1225">
     <span class='ocr_line' id='line_1_13' title="bbox 261 948 2101 992; baseline -0.002 -6"><span class='ocrx_word' id='word_1_86' title='bbox 261 950 309 986; x_wconf 87' lang='lat' dir='ltr'>ad</span> <span class='ocrx_word' id='word_1_87' title='bbox 336 951 422 992; x_wconf 77' lang='lat'>16,1</span> <span class='ocrx_word' id='word_1_88' title='bbox 451 950 510 985; x_wconf 83' lang='lat' dir='ltr'>tit.</span> <span class='ocrx_word' id='word_1_89' title='bbox 542 949 587 985; x_wconf 89' lang='lat' dir='ltr'>de</span> <span class='ocrx_word' id='word_1_90' title='bbox 621 949 690 984; x_wconf 87' lang='lat' dir='ltr'>fide</span> <span class='ocrx_word' id='word_1_91' title='bbox 722 949 926 984; x_wconf 84' lang='lat' dir='ltr'>catholica:</span> <span class='ocrx_word' id='word_1_92' title='bbox 958 948 1007 983; x_wconf 85' lang='lat' dir='ltr'>‘iu</span> <span class='ocrx_word' id='word_1_93' title='bbox 1036 952 1106 984; x_wconf 83' lang='lat' dir='ltr'>vet.</span> <span class='ocrx_word' id='word_1_94' title='bbox 1133 960 1186 984; x_wconf 75' lang='lat' dir='ltr'>ex,</span> <span class='ocrx_word' id='word_1_95' title='bbox 1207 948 1289 983; x_wconf 81' lang='lat' dir='ltr'>Ves.</span> <span class='ocrx_word' id='word_1_96' title='bbox 1317 948 1377 983; x_wconf 90' lang='lat' dir='ltr'>hic</span> <span class='ocrx_word' id='word_1_97' title='bbox 1405 952 1459 984; x_wconf 86' lang='lat' dir='ltr'>est</span> <span class='ocrx_word' id='word_1_98' title='bbox 1486 948 1544 983; x_wconf 89' lang='lat' dir='ltr'>tit.</span> <span class='ocrx_word' id='word_1_99' title='bbox 1567 949 1599 982; x_wconf 87' lang='lat' dir='ltr'>II</span> <span class='ocrx_word' id='word_1_100' title='bbox 1627 948 1713 983; x_wconf 86' lang='lat' dir='ltr'>libri</span> <span class='ocrx_word' id='word_1_101' title='bbox 1740 948 1839 982; x_wconf 83' lang='lat' dir='ltr'>XVI&#39;</span> <span class='ocrx_word' id='word_1_102' title='bbox 1864 948 2026 992; x_wconf 74' lang='lat' dir='ltr'>itemque</span> <span class='ocrx_word' id='word_1_103' title='bbox 2054 948 2101 983; x_wconf 81' lang='lat' dir='ltr'>ad</span> 
     </span>
     <span class='ocr_line' id='line_1_14' title="bbox 381 1005 2101 1051; baseline -0.002 -8"><span class='ocrx_word' id='word_1_104' title='bbox 381 1009 484 1049; x_wconf 76' lang='lat'>16,2:</span> <span class='ocrx_word' id='word_1_105' title='bbox 509 1007 559 1042; x_wconf 89' lang='lat' dir='ltr'>‘in</span> <span class='ocrx_word' id='word_1_106' title='bbox 587 1011 659 1043; x_wconf 81' lang='lat' dir='ltr'>vet.</span> <span class='ocrx_word' id='word_1_107' title='bbox 686 1006 748 1042; x_wconf 90' lang='lat' dir='ltr'>hic</span> <span class='ocrx_word' id='word_1_108' title='bbox 774 1010 830 1042; x_wconf 87' lang='lat' dir='ltr'>est</span> <span class='ocrx_word' id='word_1_109' title='bbox 855 1007 916 1042; x_wconf 87' lang='lat' dir='ltr'>tit.</span> <span class='ocrx_word' id='word_1_110' title='bbox 936 1007 972 1040; x_wconf 88' lang='grc' dir='ltr'>Γ.</span> <span class='ocrx_word' id='word_1_111' title='bbox 1024 1007 1117 1041; x_wconf 85' lang='lat' dir='ltr'>Item</span> <span class='ocrx_word' id='word_1_112' title='bbox 1143 1005 1315 1040; x_wconf 79' lang='lat' dir='ltr'>Cui-acius</span> <span class='ocrx_word' id='word_1_113' title='bbox 1343 1005 1448 1040; x_wconf 78' lang='lat'>1586:</span> <span class='ocrx_word' id='word_1_114' title='bbox 1478 1005 1529 1040; x_wconf 88' lang='lat' dir='ltr'>‘in</span> <span class='ocrx_word' id='word_1_115' title='bbox 1557 1005 1714 1041; x_wconf 82' lang='lat' dir='ltr'>vetustis</span> <span class='ocrx_word' id='word_1_116' title='bbox 1743 1006 2016 1051; x_wconf 75' lang='lat' dir='ltr'>exemplaribus</span> <span class='ocrx_word' id='word_1_117' title='bbox 2041 1006 2101 1040; x_wconf 88' lang='lat' dir='ltr'>hic</span> 
     </span>
     <span class='ocr_line' id='line_1_15' title="bbox 381 1063 2102 1109; baseline -0.001 -9"><span class='ocrx_word' id='word_1_118' title='bbox 381 1065 515 1100; x_wconf 87' lang='lat' dir='ltr'>titulus</span> <span class='ocrx_word' id='word_1_119' title='bbox 550 1065 733 1100; x_wconf 87' lang='lat' dir='ltr'>secundus</span> <span class='ocrx_word' id='word_1_120' title='bbox 766 1068 823 1100; x_wconf 88' lang='lat' dir='ltr'>est-</span> <span class='ocrx_word' id='word_1_121' title='bbox 856 1063 966 1099; x_wconf 88' lang='lat' dir='ltr'>huius</span> <span class='ocrx_word' id='word_1_122' title='bbox 997 1063 1094 1098; x_wconf 85' lang='lat' dir='ltr'>libri&#39;</span> <span class='ocrx_word' id='word_1_123' title='bbox 1128 1066 1165 1098; x_wconf 86' lang='lat' dir='ltr'>et</span> <span class='ocrx_word' id='word_1_124' title='bbox 1195 1063 1458 1103; x_wconf 82' lang='lat' dir='ltr'>Gothofredus,</span> <span class='ocrx_word' id='word_1_125' title='bbox 1495 1065 1586 1108; x_wconf 87' lang='lat' dir='ltr'>puto</span> <span class='ocrx_word' id='word_1_126' title='bbox 1619 1075 1705 1097; x_wconf 91' lang='lat' dir='ltr'>usus</span> <span class='ocrx_word' id='word_1_127' title='bbox 1739 1063 1866 1098; x_wconf 85' lang='lat' dir='ltr'>eodem</span> <span class='ocrx_word' id='word_1_128' title='bbox 1900 1063 2102 1109; x_wconf 76' lang='lat' dir='ltr'>exemplari</span> 
     </span>
     <span class='ocr_line' id='line_1_16' title="bbox 378 1120 2104 1165; baseline -0.001 -8"><span class='ocrx_word' id='word_1_129' title='bbox 378 1122 554 1158; x_wconf 84' lang='lat' dir='ltr'>editionis</span> <span class='ocrx_word' id='word_1_130' title='bbox 572 1122 797 1157; x_wconf 82' lang='lat' dir='ltr'>Cuiacianae</span> <span class='ocrx_word' id='word_1_131' title='bbox 816 1124 916 1165; x_wconf 87' lang='lat' dir='ltr'>(nam</span> <span class='ocrx_word' id='word_1_132' title='bbox 933 1121 1026 1157; x_wconf 86' lang='lat' dir='ltr'>alibi</span> <span class='ocrx_word' id='word_1_133' title='bbox 1051 1121 1189 1157; x_wconf 90' lang='lat' dir='ltr'>codicis</span> <span class='ocrx_word' id='word_1_134' title='bbox 1207 1121 1398 1156; x_wconf 87' lang='lat' dir='ltr'>Vesontini</span> <span class='ocrx_word' id='word_1_135' title='bbox 1417 1133 1487 1156; x_wconf 88' lang='lat' dir='ltr'>non</span> <span class='ocrx_word' id='word_1_136' title='bbox 1506 1120 1674 1156; x_wconf 87' lang='lat' dir='ltr'>meminit</span> <span class='ocrx_word' id='word_1_137' title='bbox 1680 1130 1708 1163; x_wconf 88' lang='lat'>):</span> <span class='ocrx_word' id='word_1_138' title='bbox 1732 1120 1783 1155; x_wconf 87' lang='lat' dir='ltr'>‘in</span> <span class='ocrx_word' id='word_1_139' title='bbox 1807 1121 1961 1156; x_wconf 78' lang='lat' dir='ltr'>vetustis</span> <span class='ocrx_word' id='word_1_140' title='bbox 1987 1133 2104 1157; x_wconf 76' lang='lat' dir='ltr'>exem-</span> 
     </span>
     <span class='ocr_line' id='line_1_17' title="bbox 379 1177 1826 1225; baseline -0.001 -11"><span class='ocrx_word' id='word_1_141' title='bbox 379 1179 548 1225; x_wconf 85' lang='lat' dir='ltr'>plaribus</span> <span class='ocrx_word' id='word_1_142' title='bbox 573 1182 612 1215; x_wconf 93' lang='lat' dir='ltr'>et</span> <span class='ocrx_word' id='word_1_143' title='bbox 637 1179 787 1224; x_wconf 89' lang='lat' dir='ltr'>quidem</span> <span class='ocrx_word' id='word_1_144' title='bbox 804 1179 1018 1220; x_wconf 82' lang='lat' dir='ltr'>Vesontino‚</span> <span class='ocrx_word' id='word_1_145' title='bbox 1044 1178 1105 1214; x_wconf 88' lang='lat' dir='ltr'>hic</span> <span class='ocrx_word' id='word_1_146' title='bbox 1133 1179 1266 1214; x_wconf 87' lang='lat' dir='ltr'>titulus</span> <span class='ocrx_word' id='word_1_147' title='bbox 1290 1183 1346 1215; x_wconf 89' lang='lat' dir='ltr'>est</span> <span class='ocrx_word' id='word_1_148' title='bbox 1372 1179 1554 1214; x_wconf 89' lang='lat' dir='ltr'>secundus</span> <span class='ocrx_word' id='word_1_149' title='bbox 1581 1178 1691 1213; x_wconf 89' lang='lat' dir='ltr'>huius</span> <span class='ocrx_word' id='word_1_150' title='bbox 1717 1177 1826 1213; x_wconf 88' lang='lat' dir='ltr'>libri’.</span> 
     </span>
    </p>

    <p class='ocr_par' dir='ltr' id='par_1_11' title="bbox 265 1235 2102 1282">
     <span class='ocr_line' id='line_1_18' title="bbox 265 1235 2102 1282; baseline -0.001 -10"><span class='ocrx_word' id='word_1_151' title='bbox 265 1237 314 1273; x_wconf 84' lang='lat' dir='ltr'>ad</span> <span class='ocrx_word' id='word_1_152' title='bbox 337 1237 444 1272; x_wconf 85' lang='lat' dir='ltr'>Sirm.</span> <span class='ocrx_word' id='word_1_153' title='bbox 464 1239 498 1272; x_wconf 92' lang='lat'>1:</span> <span class='ocrx_word' id='word_1_154' title='bbox 526 1238 618 1282; x_wconf 90' lang='lat' dir='ltr'>Imp.</span> <span class='ocrx_word' id='word_1_155' title='bbox 637 1236 902 1272; x_wconf 79' lang='lat' dir='ltr'>Constantinus</span> <span class='ocrx_word' id='word_1_156' title='bbox 919 1237 975 1282; x_wconf 82' lang='lat' dir='ltr'>A.]</span> <span class='ocrx_word' id='word_1_157' title='bbox 1000 1236 1051 1271; x_wconf 87' lang='lat' dir='ltr'>‘in</span> <span class='ocrx_word' id='word_1_158' title='bbox 1077 1237 1155 1272; x_wconf 88' lang='lat' dir='ltr'>cod.</span> <span class='ocrx_word' id='word_1_159' title='bbox 1170 1237 1322 1272; x_wconf 86' lang='lat' dir='ltr'>Vesunt.</span> <span class='ocrx_word' id='word_1_160' title='bbox 1347 1236 1462 1281; x_wconf 84' lang='lat' dir='ltr'>impp.</span> <span class='ocrx_word' id='word_1_161' title='bbox 1481 1235 1691 1271; x_wconf 83' lang='lat' dir='ltr'>Archadius</span> <span class='ocrx_word' id='word_1_162' title='bbox 1717 1237 1753 1270; x_wconf 88' lang='lat' dir='ltr'>et</span> <span class='ocrx_word' id='word_1_163' title='bbox 1773 1235 1953 1271; x_wconf 88' lang='lat' dir='ltr'>Honorius</span> <span class='ocrx_word' id='word_1_164' title='bbox 1971 1236 2102 1271; x_wconf 81' lang='lat' dir='ltr'><strong>AAA.&#39;.</strong></span> 
     </span>
    </p>
   </div>
   <div class='ocr_carea' id='block_1_6' title="bbox 173 1315 2120 3090">
    <p class='ocr_par' dir='ltr' id='par_1_12' title="bbox 173 1315 2120 3090">
     <span class='ocr_line' id='line_1_19' title="bbox 173 1315 2106 1363; baseline -0.001 -10"><span class='ocrx_word' id='word_1_165' title='bbox 173 1317 341 1363; x_wconf 87' lang='lat' dir='ltr'>Utraque</span> <span class='ocrx_word' id='word_1_166' title='bbox 370 1317 552 1354; x_wconf 83' lang='lat' dir='ltr'>indicatio</span> <span class='ocrx_word' id='word_1_167' title='bbox 582 1318 744 1363; x_wconf 77' lang='lat' dir='ltr'>quadrat</span> <span class='ocrx_word' id='word_1_168' title='bbox 774 1317 812 1352; x_wconf 89' lang='lat' dir='ltr'>in</span> <span class='ocrx_word' id='word_1_169' title='bbox 839 1317 1004 1353; x_wconf 81' lang='lat' dir='ltr'>codicem</span> <span class='ocrx_word' id='word_1_170' title='bbox 1030 1329 1114 1353; x_wconf 88' lang='lat' dir='ltr'>eum</span> <span class='ocrx_word' id='word_1_171' title='bbox 1147 1317 1191 1353; x_wconf 90' lang='lat' dir='ltr'>de</span> <span class='ocrx_word' id='word_1_172' title='bbox 1224 1329 1297 1362; x_wconf 85' lang='lat' dir='ltr'>quo</span> <span class='ocrx_word' id='word_1_173' title='bbox 1332 1317 1471 1363; x_wconf 71' lang='lat' dir='ltr'>agitur⁷</span> <span class='ocrx_word' id='word_1_174' title='bbox 1507 1316 1607 1362; x_wconf 89' lang='lat' dir='ltr'>prior</span> <span class='ocrx_word' id='word_1_175' title='bbox 1641 1328 1683 1351; x_wconf 85' lang='lat' dir='ltr'>ex</span> <span class='ocrx_word' id='word_1_176' title='bbox 1718 1316 1908 1352; x_wconf 85' lang='lat' dir='ltr'>codicibus</span> <span class='ocrx_word' id='word_1_177' title='bbox 1940 1315 2037 1352; x_wconf 86' lang='lat' dir='ltr'>notis</span> <span class='ocrx_word' id='word_1_178' title='bbox 2069 1316 2106 1351; x_wconf 87' lang='lat' dir='ltr'>in</span> 
     </span>
     <span class='ocr_line' id='line_1_20' title="bbox 174 1374 2106 1421; baseline -0.002 -10"><span class='ocrx_word' id='word_1_179' title='bbox 174 1388 259 1411; x_wconf 89' lang='lat' dir='ltr'>eum</span> <span class='ocrx_word' id='word_1_180' title='bbox 286 1378 325 1412; x_wconf 89' lang='lat' dir='ltr'>et</span> <span class='ocrx_word' id='word_1_181' title='bbox 343 1376 632 1421; x_wconf 89' lang='lat' dir='ltr'>Eporediensem</span> <span class='ocrx_word' id='word_1_182' title='bbox 649 1376 761 1417; x_wconf 83' lang='lat' dir='ltr'>solos3</span> <span class='ocrx_word' id='word_1_183' title='bbox 787 1376 883 1411; x_wconf 88' lang='lat' dir='ltr'>unde</span> <span class='ocrx_word' id='word_1_184' title='bbox 909 1378 1069 1421; x_wconf 79' lang='lat' dir='ltr'>apparet</span> <span class='ocrx_word' id='word_1_185' title='bbox 1086 1375 1331 1410; x_wconf 75' lang='lat' dir='ltr'>Vesontinum</span> <span class='ocrx_word' id='word_1_186' title='bbox 1348 1374 1495 1410; x_wconf 89' lang='lat' dir='ltr'>Pithoei</span> <span class='ocrx_word' id='word_1_187' title='bbox 1520 1386 1597 1410; x_wconf 85' lang='lat' dir='ltr'>esse</span> <span class='ocrx_word' id='word_1_188' title='bbox 1622 1375 1720 1409; x_wconf 90' lang='lat' dir='ltr'>hunc</span> <span class='ocrx_word' id='word_1_189' title='bbox 1746 1376 1920 1418; x_wconf 85' lang='lat' dir='ltr'>nostrum,</span> <span class='ocrx_word' id='word_1_190' title='bbox 1945 1374 2106 1409; x_wconf 80' lang='lat' dir='ltr'>‘vetusta</span> 
     </span>
     <span class='ocr_line' id='line_1_21' title="bbox 175 1432 2106 1479; baseline -0.001 -10"><span class='ocrx_word' id='word_1_191' title='bbox 175 1433 417 1479; x_wconf 66' lang='lat' dir='ltr'>exemplaria?</span> <span class='ocrx_word' id='word_1_192' title='bbox 443 1433 589 1469; x_wconf 79' lang='lat' dir='ltr'>Cuia-cii</span> <span class='ocrx_word' id='word_1_193' title='bbox 619 1434 776 1470; x_wconf 88' lang='lat' dir='ltr'>eundem</span> <span class='ocrx_word' id='word_1_194' title='bbox 807 1436 845 1469; x_wconf 90' lang='lat' dir='ltr'>et</span> <span class='ocrx_word' id='word_1_195' title='bbox 870 1433 1167 1479; x_wconf 87' lang='lat' dir='ltr'>Eporediensem.</span> <span class='ocrx_word' id='word_1_196' title='bbox 1233 1432 1425 1468; x_wconf 88' lang='lat' dir='ltr'>Pertinent</span> <span class='ocrx_word' id='word_1_197' title='bbox 1461 1432 1577 1478; x_wconf 86' lang='lat' dir='ltr'>igitur</span> <span class='ocrx_word' id='word_1_198' title='bbox 1615 1432 1663 1467; x_wconf 81' lang='lat' dir='ltr'>ad</span> <span class='ocrx_word' id='word_1_199' title='bbox 1694 1432 1791 1466; x_wconf 87' lang='lat' dir='ltr'>hunc</span> <span class='ocrx_word' id='word_1_200' title='bbox 1824 1432 1987 1467; x_wconf 87' lang='lat' dir='ltr'>codicem</span> <span class='ocrx_word' id='word_1_201' title='bbox 2013 1444 2106 1476; x_wconf 84' lang='lat' dir='ltr'>quae</span> 
     </span>
     <span class='ocr_line' id='line_1_22' title="bbox 174 1488 2108 1537; baseline -0.002 -10"><span class='ocrx_word' id='word_1_202' title='bbox 174 1494 380 1536; x_wconf 86' lang='lat' dir='ltr'>sequuntur</span> <span class='ocrx_word' id='word_1_203' title='bbox 404 1494 581 1537; x_wconf 82' lang='lat' dir='ltr'>excerpta</span> <span class='ocrx_word' id='word_1_204' title='bbox 605 1503 650 1527; x_wconf 79' lang='lat' dir='ltr'>ex</span> <span class='ocrx_word' id='word_1_205' title='bbox 675 1490 814 1527; x_wconf 88' lang='lat' dir='ltr'>litteris</span> <span class='ocrx_word' id='word_1_206' title='bbox 839 1490 985 1526; x_wconf 83' lang='lat' dir='ltr'>Cuiacii</span> <span class='ocrx_word' id='word_1_207' title='bbox 1011 1491 1058 1526; x_wconf 86' lang='lat' dir='ltr'>ad</span> <span class='ocrx_word' id='word_1_208' title='bbox 1085 1491 1284 1527; x_wconf 88' lang='lat' dir='ltr'>Pithoeum</span> <span class='ocrx_word' id='word_1_209' title='bbox 1322 1491 1414 1534; x_wconf 89' lang='lat' dir='ltr'>(cod.</span> <span class='ocrx_word' id='word_1_210' title='bbox 1448 1490 1582 1535; x_wconf 81' lang='lat' dir='ltr'>Dupuy</span> <span class='ocrx_word' id='word_1_211' title='bbox 1616 1489 1695 1534; x_wconf 74' lang='lat'>700)</span> <span class='ocrx_word' id='word_1_212' title='bbox 1722 1501 1743 1524; x_wconf 82' lang='lat' dir='ltr'>a</span> <span class='ocrx_word' id='word_1_213' title='bbox 1777 1488 1932 1524; x_wconf 84' lang='lat' dir='ltr'>Girardo</span> <span class='ocrx_word' id='word_1_214' title='bbox 1965 1500 2108 1523; x_wconf 85' lang='lat' dir='ltr'>mecum</span> 
     </span>
     <span class='ocr_line' id='line_1_23' title="bbox 176 1546 2109 1594; baseline -0.002 -10"><span class='ocrx_word' id='word_1_215' title='bbox 176 1549 461 1585; x_wconf 85' lang='lat' dir='ltr'>communicata.</span> <span class='ocrx_word' id='word_1_216' title='bbox 510 1550 834 1594; x_wconf 70' lang='lat' dir='ltr'>Apportez-nous,</span> <span class='ocrx_word' id='word_1_217' title='bbox 859 1548 989 1584; x_wconf 82' lang='lat' dir='ltr'>scribit</span> <span class='ocrx_word' id='word_1_218' title='bbox 1015 1548 1193 1583; x_wconf 85' lang='lat' dir='ltr'>Valentia</span> <span class='ocrx_word' id='word_1_219' title='bbox 1223 1549 1274 1583; x_wconf 72' lang='lat'>17.</span> <span class='ocrx_word' id='word_1_220' title='bbox 1290 1548 1370 1583; x_wconf 89' lang='lat' dir='ltr'>Oct.</span> <span class='ocrx_word' id='word_1_221' title='bbox 1391 1548 1489 1588; x_wconf 74' lang='lat'>1570,</span> <span class='ocrx_word' id='word_1_222' title='bbox 1516 1548 1546 1582; x_wconf 85' lang='lat' dir='ltr'>le</span> <span class='ocrx_word' id='word_1_223' title='bbox 1571 1547 1734 1581; x_wconf 77' lang='lat' dir='ltr'>Licinius</span> <span class='ocrx_word' id='word_1_224' title='bbox 1759 1550 1790 1580; x_wconf 77' lang='lat' dir='ltr'>et</span> <span class='ocrx_word' id='word_1_225' title='bbox 1814 1547 1844 1581; x_wconf 83' lang='lat' dir='ltr'>Ze</span> <span class='ocrx_word' id='word_1_226' title='bbox 1869 1547 1889 1580; x_wconf 78' lang='lat' dir='ltr'>l.</span> <span class='ocrx_word' id='word_1_227' title='bbox 1911 1546 2018 1580; x_wconf 90' lang='lat' dir='ltr'>XVI</span> <span class='ocrx_word' id='word_1_228' title='bbox 2034 1546 2109 1580; x_wconf 84' lang='lat' dir='ltr'>cod.</span> 
     </span>
     <span class='ocr_line' id='line_1_24' title="bbox 181 1603 2108 1652; baseline -0.003 -10"><span class='ocrx_word' id='word_1_229' title='bbox 181 1606 314 1643; x_wconf 84' lang='lat' dir='ltr'>Theod.</span> <span class='ocrx_word' id='word_1_230' title='bbox 335 1618 432 1651; x_wconf 84' lang='lat' dir='ltr'>pour</span> <span class='ocrx_word' id='word_1_231' title='bbox 449 1618 503 1642; x_wconf 88' lang='lat' dir='ltr'>me</span> <span class='ocrx_word' id='word_1_232' title='bbox 519 1607 666 1652; x_wconf 71' lang='lat' dir='ltr'>chaoyer</span> <span class='ocrx_word' id='word_1_233' title='bbox 683 1607 897 1652; x_wconf 74' lang='lat' dir='ltr'>darantaiye</span> <span class='ocrx_word' id='word_1_234' title='bbox 913 1607 956 1642; x_wconf 82' lang='lat' dir='ltr'>de</span> <span class='ocrx_word' id='word_1_235' title='bbox 972 1617 1028 1641; x_wconf 74' lang='lat' dir='ltr'>ros</span> <span class='ocrx_word' id='word_1_236' title='bbox 1045 1607 1238 1649; x_wconf 72' lang='lat' dir='ltr'>bienfaicts.</span> <span class='ocrx_word' id='word_1_237' title='bbox 1287 1606 1388 1640; x_wconf 89' lang='lat' dir='ltr'>Idem</span> <span class='ocrx_word' id='word_1_238' title='bbox 1406 1605 1453 1640; x_wconf 84' lang='lat' dir='ltr'>ad</span> <span class='ocrx_word' id='word_1_239' title='bbox 1469 1605 1623 1640; x_wconf 87' lang='lat' dir='ltr'>eundem</span> <span class='ocrx_word' id='word_1_240' title='bbox 1641 1603 1804 1639; x_wconf 87' lang='lat' dir='ltr'>indidem</span> <span class='ocrx_word' id='word_1_241' title='bbox 1830 1604 1884 1640; x_wconf 77' lang='lat'>20.</span> <span class='ocrx_word' id='word_1_242' title='bbox 1907 1604 1982 1638; x_wconf 81' lang='lat' dir='ltr'>Ian.</span> <span class='ocrx_word' id='word_1_243' title='bbox 2004 1604 2108 1638; x_wconf 74' lang='lat'>1571:</span> 
     </span>
     <span class='ocr_line' id='line_1_25' title="bbox 177 1662 2110 1711; baseline -0.002 -12"><span class='ocrx_word' id='word_1_244' title='bbox 177 1664 271 1700; x_wconf 87' lang='lat' dir='ltr'>L’on</span> <span class='ocrx_word' id='word_1_245' title='bbox 293 1666 364 1699; x_wconf 85' lang='lat' dir='ltr'>m’a</span> <span class='ocrx_word' id='word_1_246' title='bbox 383 1665 518 1709; x_wconf 80' lang='lat' dir='ltr'>promis</span> <span class='ocrx_word' id='word_1_247' title='bbox 543 1664 586 1700; x_wconf 81' lang='lat' dir='ltr'>de</span> <span class='ocrx_word' id='word_1_248' title='bbox 611 1666 807 1711; x_wconf 73' lang='lat' dir='ltr'>m’enroyer</span> <span class='ocrx_word' id='word_1_249' title='bbox 837 1666 868 1700; x_wconf 82' lang='lat' dir='ltr'>le</span> <span class='ocrx_word' id='word_1_250' title='bbox 892 1664 974 1700; x_wconf 78' lang='lat' dir='ltr'>code</span> <span class='ocrx_word' id='word_1_251' title='bbox 1003 1664 1227 1699; x_wconf 74' lang='lat' dir='ltr'>Theodosien</span> <span class='ocrx_word' id='word_1_252' title='bbox 1252 1663 1293 1698; x_wconf 83' lang='lat' dir='ltr'>de</span> <span class='ocrx_word' id='word_1_253' title='bbox 1323 1663 1357 1697; x_wconf 80' lang='lat' dir='ltr'>S.</span> <span class='ocrx_word' id='word_1_254' title='bbox 1385 1663 1495 1697; x_wconf 79' lang='lat' dir='ltr'>Iehau-</span> <span class='ocrx_word' id='word_1_255' title='bbox 1519 1662 1560 1697; x_wconf 78' lang='lat' dir='ltr'>cle</span> <span class='ocrx_word' id='word_1_256' title='bbox 1585 1662 1788 1705; x_wconf 66' lang='lat' dir='ltr'>Bemncon,</span> <span class='ocrx_word' id='word_1_257' title='bbox 1826 1662 1854 1695; x_wconf 84' lang='lat' dir='ltr'>le</span> <span class='ocrx_word' id='word_1_258' title='bbox 1877 1662 1958 1705; x_wconf 76' lang='lat' dir='ltr'>quel</span> <span class='ocrx_word' id='word_1_259' title='bbox 1984 1672 2110 1696; x_wconf 84' lang='lat' dir='ltr'>comme</span> 
     </span>
     <span class='ocr_line' id='line_1_26' title="bbox 179 1718 2111 1766; baseline -0.003 -10"><span class='ocrx_word' id='word_1_260' title='bbox 179 1723 250 1756; x_wconf 77' lang='lat' dir='ltr'>Pon</span> <span class='ocrx_word' id='word_1_261' title='bbox 277 1723 350 1757; x_wconf 86' lang='lat' dir='ltr'>m’a</span> <span class='ocrx_word' id='word_1_262' title='bbox 380 1722 481 1757; x_wconf 74' lang='lat' dir='ltr'>escrit</span> <span class='ocrx_word' id='word_1_263' title='bbox 511 1733 598 1757; x_wconf 79' lang='lat' dir='ltr'>vous</span> <span class='ocrx_word' id='word_1_264' title='bbox 625 1733 707 1757; x_wconf 64' lang='lat' dir='ltr'>arez</span> <span class='ocrx_word' id='word_1_265' title='bbox 732 1722 930 1757; x_wconf 74' lang='lat' dir='ltr'>descouvert</span> <span class='ocrx_word' id='word_1_266' title='bbox 948 1725 1104 1766; x_wconf 74' lang='lat' dir='ltr'>pussant</span> <span class='ocrx_word' id='word_1_267' title='bbox 1130 1732 1202 1765; x_wconf 81' lang='lat' dir='ltr'>par</span> <span class='ocrx_word' id='word_1_268' title='bbox 1227 1722 1262 1755; x_wconf 79' lang='lat' dir='ltr'>la</span> <span class='ocrx_word' id='word_1_269' title='bbox 1288 1721 1384 1755; x_wconf 64' lang='lat' dir='ltr'>avoir</span> <span class='ocrx_word' id='word_1_270' title='bbox 1409 1720 1476 1754; x_wconf 76' lang='lat' dir='ltr'>este</span> <span class='ocrx_word' id='word_1_271' title='bbox 1501 1719 1620 1754; x_wconf 72' lang='lat' dir='ltr'>domui</span> <span class='ocrx_word' id='word_1_272' title='bbox 1643 1730 1714 1763; x_wconf 76' lang='lat' dir='ltr'>par</span> <span class='ocrx_word' id='word_1_273' title='bbox 1741 1719 2022 1762; x_wconf 70' lang='lat' dir='ltr'>Charlemaiyne.</span> <span class='ocrx_word' id='word_1_274' title='bbox 2072 1718 2111 1752; x_wconf 80' lang='lat' dir='ltr'>Si</span> 
     </span>
     <span class='ocr_line' id='line_1_27' title="bbox 179 1775 2111 1825; baseline -0.003 -10"><span class='ocrx_word' id='word_1_275' title='bbox 179 1779 252 1814; x_wconf 63' lang='grc' dir='ltr'>ἴση</span> <span class='ocrx_word' id='word_1_276' title='bbox 273 1790 320 1814; x_wconf 78' lang='lat' dir='ltr'>ne</span> <span class='ocrx_word' id='word_1_277' title='bbox 343 1790 397 1814; x_wconf 86' lang='lat' dir='ltr'>me</span> <span class='ocrx_word' id='word_1_278' title='bbox 421 1780 577 1824; x_wconf 74' lang='lat' dir='ltr'>Z&#39;envoie,</span> <span class='ocrx_word' id='word_1_279' title='bbox 608 1790 704 1825; x_wconf 81' lang='lat' dir='ltr'>pour</span> <span class='ocrx_word' id='word_1_280' title='bbox 728 1780 757 1814; x_wconf 85' lang='lat' dir='ltr'>le</span> <span class='ocrx_word' id='word_1_281' title='bbox 780 1780 896 1814; x_wconf 82' lang='lat' dir='ltr'>moins</span> <span class='ocrx_word' id='word_1_282' title='bbox 927 1780 997 1813; x_wconf 82' lang='lat' dir='ltr'>Z&#39;on</span> <span class='ocrx_word' id='word_1_283' title='bbox 1020 1780 1090 1813; x_wconf 82' lang='lat' dir='ltr'>m&#39;a</span> <span class='ocrx_word' id='word_1_284' title='bbox 1116 1779 1253 1822; x_wconf 75' lang='lat' dir='ltr'>promis</span> <span class='ocrx_word' id='word_1_285' title='bbox 1281 1777 1321 1812; x_wconf 80' lang='lat' dir='ltr'>de</span> <span class='ocrx_word' id='word_1_286' title='bbox 1351 1779 1546 1822; x_wconf 74' lang='lat' dir='ltr'>m&#39;euwyer</span> <span class='ocrx_word' id='word_1_287' title='bbox 1571 1787 1606 1811; x_wconf 86' lang='lat' dir='ltr'>ce</span> <span class='ocrx_word' id='word_1_288' title='bbox 1630 1777 1715 1820; x_wconf 73' lang='lat' dir='ltr'>qu&#39;ae&#39;l</span> <span class='ocrx_word' id='word_1_289' title='bbox 1737 1787 1761 1821; x_wconf 75' lang='lat' dir='ltr'><em>y</em></span> <span class='ocrx_word' id='word_1_290' title='bbox 1786 1788 1808 1810; x_wconf 83' lang='lat' dir='ltr'>a</span> <span class='ocrx_word' id='word_1_291' title='bbox 1833 1775 1874 1810; x_wconf 80' lang='lat' dir='ltr'>de</span> <span class='ocrx_word' id='word_1_292' title='bbox 1893 1776 1978 1819; x_wconf 79' lang='lat' dir='ltr'>plus</span> <span class='ocrx_word' id='word_1_293' title='bbox 2002 1786 2048 1810; x_wconf 85' lang='lat' dir='ltr'>ou</span> <span class='ocrx_word' id='word_1_294' title='bbox 2071 1775 2111 1809; x_wconf 75' lang='lat' dir='ltr'>de</span> 
     </span>
     <span class='ocr_line' id='line_1_28' title="bbox 178 1832 2114 1881; baseline -0.003 -10"><span class='ocrx_word' id='word_1_295' title='bbox 178 1836 346 1880; x_wconf 81' lang='lat' dir='ltr'>different</span> <span class='ocrx_word' id='word_1_296' title='bbox 377 1837 492 1872; x_wconf 75' lang='lat' dir='ltr'>d&#39;aree</span> <span class='ocrx_word' id='word_1_297' title='bbox 515 1838 561 1872; x_wconf 81' lang='lat' dir='ltr'>les</span> <span class='ocrx_word' id='word_1_298' title='bbox 584 1838 765 1872; x_wconf 73' lang='lat' dir='ltr'>authen-rs.</span> <span class='ocrx_word' id='word_1_299' title='bbox 815 1837 917 1872; x_wconf 88' lang='lat' dir='ltr'>Idem</span> <span class='ocrx_word' id='word_1_300' title='bbox 947 1837 995 1872; x_wconf 86' lang='lat' dir='ltr'>ad</span> <span class='ocrx_word' id='word_1_301' title='bbox 1020 1836 1205 1872; x_wconf 88' lang='lat' dir='ltr'>Loiselum</span> <span class='ocrx_word' id='word_1_302' title='bbox 1231 1836 1394 1881; x_wconf 85' lang='lat' dir='ltr'>Bourges</span> <span class='ocrx_word' id='word_1_303' title='bbox 1422 1834 1474 1870; x_wconf 72' lang='lat'>19».</span> <span class='ocrx_word' id='word_1_304' title='bbox 1502 1834 1602 1880; x_wconf 79' lang='lat' dir='ltr'>Sept.</span> <span class='ocrx_word' id='word_1_305' title='bbox 1631 1835 1734 1869; x_wconf 69' lang='lat'>1:375:</span> <span class='ocrx_word' id='word_1_306' title='bbox 1767 1833 1846 1868; x_wconf 77' lang='lat' dir='ltr'>J&#39;ai</span> <span class='ocrx_word' id='word_1_307' title='bbox 1872 1844 1932 1867; x_wconf 70' lang='lat' dir='ltr'>reu</span> <span class='ocrx_word' id='word_1_308' title='bbox 1958 1834 1988 1867; x_wconf 84' lang='lat' dir='ltr'>Ie</span> <span class='ocrx_word' id='word_1_309' title='bbox 2016 1832 2054 1866; x_wconf 90' lang='lat' dir='ltr'><em>X</em></span> <span class='ocrx_word' id='word_1_310' title='bbox 2063 1833 2114 1867; x_wconf 67' lang='grc' dir='ltr'>ΓΙ</span> 
     </span>
     <span class='ocr_line' id='line_1_29' title="bbox 178 1889 2112 1940; baseline -0.003 -11"><span class='ocrx_word' id='word_1_311' title='bbox 178 1894 229 1929; x_wconf 80' lang='lat' dir='ltr'>du</span> <span class='ocrx_word' id='word_1_312' title='bbox 254 1894 336 1930; x_wconf 81' lang='lat' dir='ltr'>Cod.</span> <span class='ocrx_word' id='word_1_313' title='bbox 356 1895 419 1930; x_wconf 70' lang='lat' dir='ltr'>Th.</span> <span class='ocrx_word' id='word_1_314' title='bbox 444 1896 532 1940; x_wconf 71' lang='lat' dir='ltr'>qu’il</span> <span class='ocrx_word' id='word_1_315' title='bbox 555 1895 762 1940; x_wconf 87' lang='lat' dir='ltr'>(Pithoeus)</span> <span class='ocrx_word' id='word_1_316' title='bbox 787 1897 857 1930; x_wconf 84' lang='lat' dir='ltr'>m&#39;a</span> <span class='ocrx_word' id='word_1_317' title='bbox 882 1895 1009 1940; x_wconf 58' lang='lat' dir='ltr'>envoy&amp;</span> <span class='ocrx_word' id='word_1_318' title='bbox 1034 1898 1065 1929; x_wconf 83' lang='lat' dir='ltr'>et</span> <span class='ocrx_word' id='word_1_319' title='bbox 1089 1894 1120 1928; x_wconf 86' lang='lat' dir='ltr'>le</span> <span class='ocrx_word' id='word_1_320' title='bbox 1145 1894 1197 1928; x_wconf 83' lang='lat' dir='ltr'>lui</span> <span class='ocrx_word' id='word_1_321' title='bbox 1219 1903 1316 1927; x_wconf 74' lang='lat' dir='ltr'>eus-se</span> <span class='ocrx_word' id='word_1_322' title='bbox 1339 1892 1495 1937; x_wconf 68' lang='grc' dir='ltr'>νεηϊοῃὲ,</span> <span class='ocrx_word' id='word_1_323' title='bbox 1521 1892 1552 1925; x_wconf 82' lang='lat' dir='ltr'>si</span> <span class='ocrx_word' id='word_1_324' title='bbox 1569 1890 1686 1926; x_wconf 77' lang='lat' dir='ltr'>Mons.</span> <span class='ocrx_word' id='word_1_325' title='bbox 1705 1891 1734 1925; x_wconf 87' lang='lat' dir='ltr'>Ie</span> <span class='ocrx_word' id='word_1_326' title='bbox 1759 1890 1862 1925; x_wconf 74' lang='lat' dir='ltr'>Curle</span> <span class='ocrx_word' id='word_1_327' title='bbox 1885 1891 1978 1924; x_wconf 69' lang='lat' dir='ltr'>(croit</span> <span class='ocrx_word' id='word_1_328' title='bbox 1995 1889 2112 1924; x_wconf 75' lang='lat' dir='ltr'>uehere</span> 
     </span>
     <span class='ocr_line' id='line_1_30' title="bbox 179 1946 2112 1999; baseline -0.004 -12"><span class='ocrx_word' id='word_1_329' title='bbox 179 1953 224 1988; x_wconf 76' lang='lat' dir='ltr'>de</span> <span class='ocrx_word' id='word_1_330' title='bbox 247 1953 276 1987; x_wconf 85' lang='lat' dir='ltr'>Ze</span> <span class='ocrx_word' id='word_1_331' title='bbox 299 1963 395 1998; x_wconf 59' lang='grc' dir='ltr'><em>πορν,</em></span> <span class='ocrx_word' id='word_1_332' title='bbox 421 1953 445 1987; x_wconf 86' lang='grc' dir='ltr'><em>ὰ</em></span> <span class='ocrx_word' id='word_1_333' title='bbox 467 1953 531 1997; x_wconf 78' lang='lat' dir='ltr'>qui</span> <span class='ocrx_word' id='word_1_334' title='bbox 553 1954 587 1988; x_wconf 79' lang='lat' dir='ltr'>ie</span> <span class='ocrx_word' id='word_1_335' title='bbox 610 1954 682 1999; x_wconf 75' lang='lat' dir='ltr'>l&#39;ay</span> <span class='ocrx_word' id='word_1_336' title='bbox 700 1953 816 1997; x_wconf 72' lang='lat' dir='ltr'>preste</span> <span class='ocrx_word' id='word_1_337' title='bbox 835 1963 932 1997; x_wconf 78' lang='lat' dir='ltr'>pour</span> <span class='ocrx_word' id='word_1_338' title='bbox 955 1963 991 1987; x_wconf 86' lang='lat' dir='ltr'>ee</span> <span class='ocrx_word' id='word_1_339' title='bbox 1015 1952 1103 1996; x_wconf 80' lang='lat' dir='ltr'>qu&#39;il</span> <span class='ocrx_word' id='word_1_340' title='bbox 1129 1951 1275 1994; x_wconf 78' lang='lat' dir='ltr'>valoit.¹)</span> <span class='ocrx_word' id='word_1_341' title='bbox 1332 1948 1494 1984; x_wconf 89' lang='lat' dir='ltr'>Licinius</span> <span class='ocrx_word' id='word_1_342' title='bbox 1520 1948 1583 1992; x_wconf 85' lang='lat' dir='ltr'>qui</span> <span class='ocrx_word' id='word_1_343' title='bbox 1615 1947 1767 1989; x_wconf 75' lang='lat' dir='ltr'>dicitur,</span> <span class='ocrx_word' id='word_1_344' title='bbox 1803 1948 1916 1983; x_wconf 84' lang='lat' dir='ltr'>codex</span> <span class='ocrx_word' id='word_1_345' title='bbox 1946 1950 2001 1982; x_wconf 88' lang='lat' dir='ltr'>est</span> <span class='ocrx_word' id='word_1_346' title='bbox 2033 1946 2112 1981; x_wconf 82' lang='lat' dir='ltr'>Col-</span> 
     </span>
     <span class='ocr_line' id='line_1_31' title="bbox 180 2003 2112 2057; baseline -0.004 -12"><span class='ocrx_word' id='word_1_347' title='bbox 180 2009 334 2045; x_wconf 80' lang='lat' dir='ltr'>lationis</span> <span class='ocrx_word' id='word_1_348' title='bbox 363 2003 489 2057; x_wconf 83' lang='lat' dir='ltr'>legum</span> <span class='ocrx_word' id='word_1_349' title='bbox 513 2010 760 2046; x_wconf 79' lang='lat' dir='ltr'>Mosaicarum</span> <span class='ocrx_word' id='word_1_350' title='bbox 787 2012 825 2047; x_wconf 92' lang='lat' dir='ltr'>et</span> <span class='ocrx_word' id='word_1_351' title='bbox 849 2010 1099 2045; x_wconf 85' lang='lat' dir='ltr'>Romanarum</span> <span class='ocrx_word' id='word_1_352' title='bbox 1131 2008 1332 2053; x_wconf 84' lang='lat' dir='ltr'>aliquando</span> <span class='ocrx_word' id='word_1_353' title='bbox 1359 2007 1603 2042; x_wconf 78' lang='lat' dir='ltr'>Pithoeanus.</span> <span class='ocrx_word' id='word_1_354' title='bbox 1635 2006 1744 2041; x_wconf 87' lang='lat' dir='ltr'>hodie</span> <span class='ocrx_word' id='word_1_355' title='bbox 1777 2004 2036 2046; x_wconf 80' lang='lat' dir='ltr'>Berolinensis‚</span> <span class='ocrx_word' id='word_1_356' title='bbox 2065 2005 2112 2039; x_wconf 85' lang='lat' dir='ltr'>ad</span> 
     </span>
     <span class='ocr_line' id='line_1_32' title="bbox 181 2061 2113 2114; baseline -0.004 -11"><span class='ocrx_word' id='word_1_357' title='bbox 181 2079 291 2113; x_wconf 85' lang='lat' dir='ltr'>quem</span> <span class='ocrx_word' id='word_1_358' title='bbox 316 2067 488 2104; x_wconf 90' lang='lat' dir='ltr'>libellum</span> <span class='ocrx_word' id='word_1_359' title='bbox 518 2080 603 2104; x_wconf 89' lang='lat' dir='ltr'>eum</span> <span class='ocrx_word' id='word_1_360' title='bbox 627 2069 747 2105; x_wconf 79' lang='lat' dir='ltr'>edidit</span> <span class='ocrx_word' id='word_1_361' title='bbox 771 2069 912 2114; x_wconf 89' lang='lat' dir='ltr'>primus</span> <span class='ocrx_word' id='word_1_362' title='bbox 937 2068 1114 2104; x_wconf 80' lang='lat' dir='ltr'>Pithoeus</span> <span class='ocrx_word' id='word_1_363' title='bbox 1146 2079 1178 2102; x_wconf 80' lang='lat' dir='ltr'>a.</span> <span class='ocrx_word' id='word_1_364' title='bbox 1199 2066 1303 2107; x_wconf 75' lang='lat'>1:373,</span> <span class='ocrx_word' id='word_1_365' title='bbox 1339 2065 1551 2110; x_wconf 84' lang='lat' dir='ltr'>significans</span> <span class='ocrx_word' id='word_1_366' title='bbox 1577 2076 1659 2099; x_wconf 91' lang='lat' dir='ltr'>eum</span> <span class='ocrx_word' id='word_1_367' title='bbox 1685 2074 1722 2098; x_wconf 85' lang='lat' dir='ltr'>se</span> <span class='ocrx_word' id='word_1_368' title='bbox 1747 2063 1902 2098; x_wconf 78' lang='lat' dir='ltr'>traxisse</span> <span class='ocrx_word' id='word_1_369' title='bbox 1932 2062 1988 2097; x_wconf 80' lang='lat' dir='ltr'>‘cx</span> <span class='ocrx_word' id='word_1_370' title='bbox 2019 2061 2113 2097; x_wconf 86' lang='lat' dir='ltr'>anti—</span> 
     </span>
     <span class='ocr_line' id='line_1_33' title="bbox 181 2119 2114 2171; baseline -0.004 -11"><span class='ocrx_word' id='word_1_371' title='bbox 181 2125 361 2171; x_wconf 81' lang='lat' dir='ltr'>quissima</span> <span class='ocrx_word' id='word_1_372' title='bbox 390 2125 643 2170; x_wconf 84' lang='lat' dir='ltr'>Sequanorum</span> <span class='ocrx_word' id='word_1_373' title='bbox 674 2131 740 2163; x_wconf 83' lang='lat' dir='ltr'>aut</span> <span class='ocrx_word' id='word_1_374' title='bbox 770 2127 1057 2162; x_wconf 64' lang='lat' dir='ltr'>Mandubiorum</span> <span class='ocrx_word' id='word_1_375' title='bbox 1089 2125 1335 2165; x_wconf 81' lang='lat' dir='ltr'>bibliotheca,</span> <span class='ocrx_word' id='word_1_376' title='bbox 1375 2123 1413 2158; x_wconf 87' lang='lat' dir='ltr'>in</span> <span class='ocrx_word' id='word_1_377' title='bbox 1452 2134 1525 2167; x_wconf 88' lang='lat' dir='ltr'>qua</span> <span class='ocrx_word' id='word_1_378' title='bbox 1558 2134 1624 2167; x_wconf 86' lang='lat' dir='ltr'>per</span> <span class='ocrx_word' id='word_1_379' title='bbox 1663 2133 1776 2156; x_wconf 86' lang='lat' dir='ltr'>annos</span> <span class='ocrx_word' id='word_1_380' title='bbox 1812 2119 2003 2165; x_wconf 82' lang='lat' dir='ltr'>octoginta</span> <span class='ocrx_word' id='word_1_381' title='bbox 2037 2119 2114 2163; x_wconf 77' lang='lat' dir='ltr'>[ser.</span> 
     </span>
     <span class='ocr_line' id='line_1_34' title="bbox 181 2177 2113 2231; baseline -0.006 -11"><span class='ocrx_word' id='word_1_382' title='bbox 181 2184 430 2231; x_wconf 84' lang='lat' dir='ltr'>octingentos]</span> <span class='ocrx_word' id='word_1_383' title='bbox 456 2187 495 2220; x_wconf 85' lang='lat' dir='ltr'>et</span> <span class='ocrx_word' id='word_1_384' title='bbox 519 2184 682 2230; x_wconf 81' lang='lat' dir='ltr'>amplius</span> <span class='ocrx_word' id='word_1_385' title='bbox 706 2184 884 2220; x_wconf 85' lang='lat' dir='ltr'>latuerat&#39;</span> <span class='ocrx_word' id='word_1_386' title='bbox 900 2184 959 2228; x_wconf 84' lang='lat' dir='ltr'>(cf.</span> <span class='ocrx_word' id='word_1_387' title='bbox 986 2183 1100 2229; x_wconf 89' lang='lat' dir='ltr'>praef.</span> <span class='ocrx_word' id='word_1_388' title='bbox 1127 2194 1248 2218; x_wconf 83' lang='lat' dir='ltr'>meam</span> <span class='ocrx_word' id='word_1_389' title='bbox 1274 2181 1313 2216; x_wconf 88' lang='lat' dir='ltr'>in</span> <span class='ocrx_word' id='word_1_390' title='bbox 1339 2192 1490 2226; x_wconf 88' lang='lat' dir='ltr'>corpore</span> <span class='ocrx_word' id='word_1_391' title='bbox 1517 2178 1767 2225; x_wconf 80' lang='lat' dir='ltr'>Kmegeriano</span> <span class='ocrx_word' id='word_1_392' title='bbox 1794 2189 1828 2223; x_wconf 89' lang='lat' dir='ltr'>p.</span> <span class='ocrx_word' id='word_1_393' title='bbox 1851 2178 1939 2220; x_wconf 87' lang='lat'>109).</span> <span class='ocrx_word' id='word_1_394' title='bbox 1983 2177 2113 2220; x_wconf 88' lang='lat' dir='ltr'>Itaquc</span> 
     </span>
     <span class='ocr_line' id='line_1_35' title="bbox 182 2233 2114 2288; baseline -0.005 -12"><span class='ocrx_word' id='word_1_395' title='bbox 182 2241 259 2277; x_wconf 86' lang='lat' dir='ltr'>iam</span> <span class='ocrx_word' id='word_1_396' title='bbox 296 2244 443 2278; x_wconf 84' lang='lat' dir='ltr'>constat</span> <span class='ocrx_word' id='word_1_397' title='bbox 480 2242 525 2278; x_wconf 92' lang='lat' dir='ltr'>de</span> <span class='ocrx_word' id='word_1_398' title='bbox 559 2241 703 2288; x_wconf 84' lang='lat' dir='ltr'>origine</span> <span class='ocrx_word' id='word_1_399' title='bbox 740 2245 819 2278; x_wconf 82' lang='lat' dir='ltr'>tam</span> <span class='ocrx_word' id='word_1_400' title='bbox 852 2241 1100 2278; x_wconf 87' lang='lat' dir='ltr'>Berolinensis</span> <span class='ocrx_word' id='word_1_401' title='bbox 1134 2239 1271 2275; x_wconf 88' lang='lat' dir='ltr'>codicis</span> <span class='ocrx_word' id='word_1_402' title='bbox 1298 2237 1520 2274; x_wconf 85' lang='lat' dir='ltr'>Collationis</span> <span class='ocrx_word' id='word_1_403' title='bbox 1545 2248 1657 2281; x_wconf 86' lang='lat' dir='ltr'>quam</span> <span class='ocrx_word' id='word_1_404' title='bbox 1691 2235 1768 2271; x_wconf 90' lang='lat' dir='ltr'>eius</span> <span class='ocrx_word' id='word_1_405' title='bbox 1799 2235 1842 2270; x_wconf 92' lang='lat' dir='ltr'>de</span> <span class='ocrx_word' id='word_1_406' title='bbox 1868 2246 1939 2278; x_wconf 85' lang='lat' dir='ltr'>quo</span> <span class='ocrx_word' id='word_1_407' title='bbox 1971 2233 2114 2279; x_wconf 82' lang='lat' dir='ltr'>agitur;</span> 
     </span>
     <span class='ocr_line' id='line_1_36' title="bbox 182 2291 2117 2346; baseline -0.005 -12"><span class='ocrx_word' id='word_1_408' title='bbox 182 2302 340 2344; x_wconf 87' lang='lat' dir='ltr'>uterque</span> <span class='ocrx_word' id='word_1_409' title='bbox 370 2299 513 2346; x_wconf 81' lang='lat' dir='ltr'>origine</span> <span class='ocrx_word' id='word_1_410' title='bbox 546 2302 602 2336; x_wconf 90' lang='lat' dir='ltr'>est</span> <span class='ocrx_word' id='word_1_411' title='bbox 629 2299 941 2336; x_wconf 88' lang='lat' dir='ltr'>Vesontionensis.</span> <span class='ocrx_word' id='word_1_412' title='bbox 973 2319 1018 2325; x_wconf 79' lang='lat'>——</span> <span class='ocrx_word' id='word_1_413' title='bbox 1050 2297 1226 2339; x_wconf 79' lang='lat' dir='ltr'>Quaestio</span> <span class='ocrx_word' id='word_1_414' title='bbox 1263 2297 1317 2331; x_wconf 87' lang='lat' dir='ltr'>ita</span> <span class='ocrx_word' id='word_1_415' title='bbox 1351 2295 1470 2342; x_wconf 86' lang='lat' dir='ltr'>surgit</span> <span class='ocrx_word' id='word_1_416' title='bbox 1507 2295 1581 2330; x_wconf 80' lang='lat' dir='ltr'>iam</span> <span class='ocrx_word' id='word_1_417' title='bbox 1616 2294 1663 2329; x_wconf 89' lang='lat' dir='ltr'>ab</span> <span class='ocrx_word' id='word_1_418' title='bbox 1690 2291 1869 2327; x_wconf 83' lang='lat' dir='ltr'>Haenelio</span> <span class='ocrx_word' id='word_1_419' title='bbox 1906 2291 2028 2337; x_wconf 86' lang='lat' dir='ltr'>posita</span> <span class='ocrx_word' id='word_1_420' title='bbox 2055 2291 2117 2333; x_wconf 84' lang='lat' dir='ltr'>(ad</span> 
     </span>
     <span class='ocr_line' id='line_1_37' title="bbox 184 2347 2114 2402; baseline -0.005 -10"><span class='ocrx_word' id='word_1_421' title='bbox 184 2357 253 2392; x_wconf 89' lang='lat' dir='ltr'>Th.</span> <span class='ocrx_word' id='word_1_422' title='bbox 280 2358 378 2400; x_wconf 90' lang='lat'>16,1,</span> <span class='ocrx_word' id='word_1_423' title='bbox 395 2359 444 2402; x_wconf 90' lang='lat'>1),</span> <span class='ocrx_word' id='word_1_424' title='bbox 482 2369 604 2394; x_wconf 84' lang='lat' dir='ltr'>annon</span> <span class='ocrx_word' id='word_1_425' title='bbox 639 2358 754 2393; x_wconf 80' lang='lat' dir='ltr'>codex</span> <span class='ocrx_word' id='word_1_426' title='bbox 780 2356 1020 2398; x_wconf 61' lang='lat' dir='ltr'>vesontium,</span> <span class='ocrx_word' id='word_1_427' title='bbox 1047 2368 1091 2392; x_wconf 79' lang='lat' dir='ltr'>ex</span> <span class='ocrx_word' id='word_1_428' title='bbox 1116 2366 1188 2399; x_wconf 87' lang='lat' dir='ltr'>quo</span> <span class='ocrx_word' id='word_1_429' title='bbox 1220 2353 1378 2389; x_wconf 84' lang='lat' dir='ltr'>Paulum</span> <span class='ocrx_word' id='word_1_430' title='bbox 1402 2352 1599 2398; x_wconf 83' lang='lat' dir='ltr'>insigniter</span> <span class='ocrx_word' id='word_1_431' title='bbox 1623 2349 1728 2385; x_wconf 81' lang='lat' dir='ltr'>auxit</span> <span class='ocrx_word' id='word_1_432' title='bbox 1755 2348 1943 2390; x_wconf 84' lang='lat' dir='ltr'>Cuiacius,</span> <span class='ocrx_word' id='word_1_433' title='bbox 1979 2347 2009 2381; x_wconf 89' lang='lat' dir='ltr'>is</span> <span class='ocrx_word' id='word_1_434' title='bbox 2035 2347 2114 2392; x_wconf 79' lang='lat' dir='ltr'>ipso</span> 
     </span>
     <span class='ocr_line' id='line_1_38' title="bbox 185 2405 2117 2462; baseline -0.006 -12"><span class='ocrx_word' id='word_1_435' title='bbox 185 2416 237 2451; x_wconf 88' lang='lat' dir='ltr'>sit</span> <span class='ocrx_word' id='word_1_436' title='bbox 261 2415 306 2450; x_wconf 87' lang='lat' dir='ltr'>de</span> <span class='ocrx_word' id='word_1_437' title='bbox 331 2427 405 2461; x_wconf 88' lang='lat' dir='ltr'>quo</span> <span class='ocrx_word' id='word_1_438' title='bbox 430 2414 568 2462; x_wconf 86' lang='lat' dir='ltr'>agitur.</span> <span class='ocrx_word' id='word_1_439' title='bbox 616 2415 687 2451; x_wconf 90' lang='lat' dir='ltr'>Sed</span> <span class='ocrx_word' id='word_1_440' title='bbox 712 2415 872 2450; x_wconf 82' lang='lat' dir='ltr'>Paulina</span> <span class='ocrx_word' id='word_1_441' title='bbox 904 2415 996 2450; x_wconf 85' lang='lat' dir='ltr'>haec</span> <span class='ocrx_word' id='word_1_442' title='bbox 1030 2412 1233 2459; x_wconf 85' lang='lat' dir='ltr'>posteriore</span> <span class='ocrx_word' id='word_1_443' title='bbox 1266 2412 1412 2445; x_wconf 89' lang='lat' dir='ltr'>demum</span> <span class='ocrx_word' id='word_1_444' title='bbox 1445 2413 1611 2454; x_wconf 87' lang='lat' dir='ltr'>tempore</span> <span class='ocrx_word' id='word_1_445' title='bbox 1644 2408 1691 2443; x_wconf 86' lang='lat' dir='ltr'>ad</span> <span class='ocrx_word' id='word_1_446' title='bbox 1722 2405 1911 2442; x_wconf 85' lang='lat' dir='ltr'>Cuiacium</span> <span class='ocrx_word' id='word_1_447' title='bbox 1943 2416 2117 2450; x_wconf 84' lang='lat' dir='ltr'>pervene-</span> 
     </span>
     <span class='ocr_line' id='line_1_39' title="bbox 184 2461 2117 2518; baseline -0.006 -9"><span class='ocrx_word' id='word_1_448' title='bbox 184 2476 272 2509; x_wconf 88' lang='lat' dir='ltr'>runt</span> <span class='ocrx_word' id='word_1_449' title='bbox 304 2484 423 2518; x_wconf 89' lang='lat' dir='ltr'>neque</span> <span class='ocrx_word' id='word_1_450' title='bbox 448 2485 624 2518; x_wconf 86' lang='lat' dir='ltr'>umquam</span> <span class='ocrx_word' id='word_1_451' title='bbox 650 2473 698 2508; x_wconf 84' lang='lat' dir='ltr'>ad</span> <span class='ocrx_word' id='word_1_452' title='bbox 722 2473 922 2508; x_wconf 89' lang='lat' dir='ltr'>Pithoeum</span> <span class='ocrx_word' id='word_1_453' title='bbox 947 2472 1074 2507; x_wconf 85' lang='lat' dir='ltr'>delata</span> <span class='ocrx_word' id='word_1_454' title='bbox 1099 2472 1200 2511; x_wconf 87' lang='lat' dir='ltr'>sunt;</span> <span class='ocrx_word' id='word_1_455' title='bbox 1233 2469 1284 2504; x_wconf 89' lang='lat' dir='ltr'>sic</span> <span class='ocrx_word' id='word_1_456' title='bbox 1315 2469 1413 2503; x_wconf 87' lang='lat' dir='ltr'>enim</span> <span class='ocrx_word' id='word_1_457' title='bbox 1439 2467 1590 2512; x_wconf 87' lang='lat' dir='ltr'>scripsit</span> <span class='ocrx_word' id='word_1_458' title='bbox 1615 2466 1662 2500; x_wconf 89' lang='lat' dir='ltr'>ad</span> <span class='ocrx_word' id='word_1_459' title='bbox 1689 2464 1883 2499; x_wconf 89' lang='lat' dir='ltr'>Pithoeum</span> <span class='ocrx_word' id='word_1_460' title='bbox 1910 2475 1952 2498; x_wconf 84' lang='lat' dir='ltr'>ex</span> <span class='ocrx_word' id='word_1_461' title='bbox 1979 2461 2117 2507; x_wconf 87' lang='lat' dir='ltr'>oppido</span> 
     </span>
     <span class='ocr_line' id='line_1_40' title="bbox 185 2519 2119 2577; baseline -0.007 -10"><span class='ocrx_word' id='word_1_462' title='bbox 185 2531 352 2577; x_wconf 85' lang='lat' dir='ltr'>Bourges</span> <span class='ocrx_word' id='word_1_463' title='bbox 375 2542 408 2566; x_wconf 87' lang='lat' dir='ltr'>a.</span> <span class='ocrx_word' id='word_1_464' title='bbox 428 2530 514 2566; x_wconf 83' lang='lat'>1581</span> <span class='ocrx_word' id='word_1_465' title='bbox 542 2531 610 2566; x_wconf 91' lang='lat' dir='ltr'>Iul.</span> <span class='ocrx_word' id='word_1_466' title='bbox 630 2530 688 2566; x_wconf 85' lang='lat'>13:</span> <span class='ocrx_word' id='word_1_467' title='bbox 715 2531 744 2566; x_wconf 92' lang='lat' dir='ltr'><em>J</em></span> <span class='ocrx_word' id='word_1_468' title='bbox 746 2533 806 2576; x_wconf 76' lang='lat' dir='ltr'>’ay</span> <span class='ocrx_word' id='word_1_469' title='bbox 829 2533 1009 2565; x_wconf 77' lang='lat' dir='ltr'>reeozwert</span> <span class='ocrx_word' id='word_1_470' title='bbox 1031 2533 1116 2564; x_wconf 75' lang='lat' dir='ltr'>cette</span> <span class='ocrx_word' id='word_1_471' title='bbox 1132 2528 1245 2562; x_wconf 79' lang='lat' dir='ltr'>annee</span> <span class='ocrx_word' id='word_1_472' title='bbox 1263 2526 1323 2561; x_wconf 74' lang='lat' dir='ltr'>cles</span> <span class='ocrx_word' id='word_1_473' title='bbox 1339 2530 1512 2560; x_wconf 76' lang='lat' dir='ltr'>sentences</span> <span class='ocrx_word' id='word_1_474' title='bbox 1536 2524 1576 2558; x_wconf 82' lang='lat' dir='ltr'>de</span> <span class='ocrx_word' id='word_1_475' title='bbox 1593 2523 1732 2557; x_wconf 78' lang='lat' dir='ltr'>Paulus</span> <span class='ocrx_word' id='word_1_476' title='bbox 1755 2521 1802 2556; x_wconf 76' lang='grc' dir='ltr'>οῐι</span> <span class='ocrx_word' id='word_1_477' title='bbox 1830 2521 1856 2555; x_wconf 72' lang='lat' dir='ltr'>il</span> <span class='ocrx_word' id='word_1_478' title='bbox 1881 2532 1924 2555; x_wconf 79' lang='lat' dir='ltr'>en</span> <span class='ocrx_word' id='word_1_479' title='bbox 1947 2531 1971 2565; x_wconf 79' lang='lat' dir='ltr'><em>y</em></span> <span class='ocrx_word' id='word_1_480' title='bbox 1995 2532 2018 2554; x_wconf 89' lang='grc' dir='ltr'><em>α</em></span> <span class='ocrx_word' id='word_1_481' title='bbox 2036 2519 2119 2563; x_wconf 65' lang='lat' dir='ltr'>pres</span> 
     </span>
     <span class='ocr_line' id='line_1_41' title="bbox 187 2577 2119 2632; baseline -0.008 -8"><span class='ocrx_word' id='word_1_482' title='bbox 187 2587 231 2622; x_wconf 82' lang='lat' dir='ltr'>de</span> <span class='ocrx_word' id='word_1_483' title='bbox 248 2587 310 2623; x_wconf 84' lang='lat' dir='ltr'>OG</span> <span class='ocrx_word' id='word_1_484' title='bbox 324 2588 410 2632; x_wconf 78' lang='lat' dir='ltr'>plus</span> <span class='ocrx_word' id='word_1_485' title='bbox 427 2599 493 2632; x_wconf 79' lang='lat' dir='ltr'>que</span> <span class='ocrx_word' id='word_1_486' title='bbox 515 2599 609 2623; x_wconf 78' lang='lat' dir='ltr'>nous</span> <span class='ocrx_word' id='word_1_487' title='bbox 632 2588 795 2623; x_wconf 63' lang='lat' dir='ltr'>n&#39;am&#39;aems</span> <span class='ocrx_word' id='word_1_488' title='bbox 818 2591 849 2622; x_wconf 81' lang='lat' dir='ltr'>et</span> <span class='ocrx_word' id='word_1_489' title='bbox 873 2591 970 2622; x_wconf 75' lang='lat' dir='ltr'>entre</span> <span class='ocrx_word' id='word_1_490' title='bbox 987 2586 1122 2620; x_wconf 76' lang='lat' dir='ltr'>aultres</span> <span class='ocrx_word' id='word_1_491' title='bbox 1143 2596 1166 2630; x_wconf 77' lang='lat' dir='ltr'><strong><em>y</em></strong></span> <span class='ocrx_word' id='word_1_492' title='bbox 1193 2588 1242 2619; x_wconf 76' lang='lat' dir='ltr'>est</span> <span class='ocrx_word' id='word_1_493' title='bbox 1257 2583 1393 2628; x_wconf 76' lang='lat' dir='ltr'>quotte&#39;e</span> <span class='ocrx_word' id='word_1_494' title='bbox 1412 2583 1446 2616; x_wconf 83' lang='lat' dir='ltr'>Ia</span> <span class='ocrx_word' id='word_1_495' title='bbox 1461 2582 1567 2626; x_wconf 72' lang='lat' dir='ltr'>peine</span> <span class='ocrx_word' id='word_1_496' title='bbox 1585 2580 1628 2615; x_wconf 78' lang='lat' dir='ltr'>cle</span> <span class='ocrx_word' id='word_1_497' title='bbox 1644 2581 1679 2614; x_wconf 81' lang='lat' dir='ltr'>la</span> <span class='ocrx_word' id='word_1_498' title='bbox 1696 2579 1742 2613; x_wconf 81' lang='grc' dir='ltr'><em>Ζοί</em></span> <span class='ocrx_word' id='word_1_499' title='bbox 1759 2579 1859 2613; x_wconf 77' lang='lat' dir='ltr'>Iulia</span> <span class='ocrx_word' id='word_1_500' title='bbox 1875 2577 1916 2612; x_wconf 80' lang='lat' dir='ltr'>cle</span> <span class='ocrx_word' id='word_1_501' title='bbox 1931 2577 2119 2611; x_wconf 70' lang='lat' dir='ltr'>adulteriis</span> 
     </span>
     <span class='ocr_line' id='line_1_42' title="bbox 187 2634 2119 2690; baseline -0.007 -10"><span class='ocrx_word' id='word_1_502' title='bbox 187 2645 373 2690; x_wconf 61' lang='lat' dir='ltr'>(sequitur,</span> <span class='ocrx_word' id='word_1_503' title='bbox 401 2646 506 2681; x_wconf 80' lang='lat' dir='ltr'>loc-us</span> <span class='ocrx_word' id='word_1_504' title='bbox 535 2646 644 2682; x_wconf 86' lang='lat' dir='ltr'>Pauli</span> <span class='ocrx_word' id='word_1_505' title='bbox 676 2647 708 2688; x_wconf 82' lang='lat'>2,</span> <span class='ocrx_word' id='word_1_506' title='bbox 722 2647 777 2687; x_wconf 77' lang='lat'>26,</span> <span class='ocrx_word' id='word_1_507' title='bbox 796 2647 866 2690; x_wconf 86' lang='lat'><strong>14),</strong></span> <span class='ocrx_word' id='word_1_508' title='bbox 901 2644 1146 2687; x_wconf 85' lang='lat' dir='ltr'>similiterque</span> <span class='ocrx_word' id='word_1_509' title='bbox 1180 2641 1338 2688; x_wconf 87' lang='lat' dir='ltr'>legimus</span> <span class='ocrx_word' id='word_1_510' title='bbox 1370 2640 1407 2674; x_wconf 90' lang='lat' dir='ltr'>in</span> <span class='ocrx_word' id='word_1_511' title='bbox 1438 2637 1641 2684; x_wconf 81' lang='lat' dir='ltr'>exemplari</span> <span class='ocrx_word' id='word_1_512' title='bbox 1673 2636 1728 2673; x_wconf 88' lang='lat' dir='ltr'>ed.</span> <span class='ocrx_word' id='word_1_513' title='bbox 1755 2634 1978 2670; x_wconf 85' lang='lat' dir='ltr'>Cuiacianae</span> <span class='ocrx_word' id='word_1_514' title='bbox 2008 2644 2119 2678; x_wconf 84' lang='lat' dir='ltr'>supra</span> 
     </span>
     <span class='ocr_line' id='line_1_43' title="bbox 188 2692 2118 2748; baseline -0.007 -10"><span class='ocrx_word' id='word_1_515' title='bbox 188 2702 345 2738; x_wconf 77' lang='lat' dir='ltr'>laudato</span> <span class='ocrx_word' id='word_1_516' title='bbox 363 2702 568 2738; x_wconf 82' lang='lat' dir='ltr'>Pithoeano</span> <span class='ocrx_word' id='word_1_517' title='bbox 595 2715 630 2748; x_wconf 88' lang='lat' dir='ltr'>p.</span> <span class='ocrx_word' id='word_1_518' title='bbox 649 2703 734 2739; x_wconf 85' lang='lat'>609:</span> <span class='ocrx_word' id='word_1_519' title='bbox 759 2703 903 2738; x_wconf 77' lang='lat' dir='ltr'>‘harum</span> <span class='ocrx_word' id='word_1_520' title='bbox 929 2700 1197 2737; x_wconf 86' lang='lat' dir='ltr'>sententiarum</span> <span class='ocrx_word' id='word_1_521' title='bbox 1222 2697 1346 2734; x_wconf 82' lang='lat' dir='ltr'>Paulli</span> <span class='ocrx_word' id='word_1_522' title='bbox 1371 2698 1478 2743; x_wconf 86' lang='lat' dir='ltr'>longe</span> <span class='ocrx_word' id='word_1_523' title='bbox 1505 2695 1666 2741; x_wconf 87' lang='lat' dir='ltr'>amplius</span> <span class='ocrx_word' id='word_1_524' title='bbox 1691 2692 1880 2738; x_wconf 86' lang='lat' dir='ltr'>exemplar</span> <span class='ocrx_word' id='word_1_525' title='bbox 1906 2693 2038 2726; x_wconf 89' lang='lat' dir='ltr'>nactus</span> <span class='ocrx_word' id='word_1_526' title='bbox 2062 2693 2118 2726; x_wconf 84' lang='lat' dir='ltr'>cst</span> 
     </span>
     <span class='ocr_line' id='line_1_44' title="bbox 188 2749 2118 2805; baseline -0.008 -8"><span class='ocrx_word' id='word_1_527' title='bbox 188 2759 380 2796; x_wconf 87' lang='lat' dir='ltr'>‘Cuiacius</span> <span class='ocrx_word' id='word_1_528' title='bbox 405 2772 437 2796; x_wconf 85' lang='lat' dir='ltr'>a.</span> <span class='ocrx_word' id='word_1_529' title='bbox 458 2761 543 2796; x_wconf 80' lang='lat'>1581</span> <span class='ocrx_word' id='word_1_530' title='bbox 563 2761 801 2803; x_wconf 84' lang='lat' dir='ltr'>Vesontione,</span> <span class='ocrx_word' id='word_1_531' title='bbox 827 2773 870 2796; x_wconf 81' lang='lat' dir='ltr'>ex</span> <span class='ocrx_word' id='word_1_532' title='bbox 888 2771 961 2805; x_wconf 90' lang='lat' dir='ltr'>quo</span> <span class='ocrx_word' id='word_1_533' title='bbox 986 2759 1106 2794; x_wconf 86' lang='lat' dir='ltr'>multa</span> <span class='ocrx_word' id='word_1_534' title='bbox 1132 2757 1260 2803; x_wconf 83' lang='lat' dir='ltr'>capita.</span> <span class='ocrx_word' id='word_1_535' title='bbox 1286 2755 1458 2801; x_wconf 81' lang='lat' dir='ltr'>exposuit</span> <span class='ocrx_word' id='word_1_536' title='bbox 1482 2753 1546 2789; x_wconf 91' lang='lat' dir='ltr'>lib.</span> <span class='ocrx_word' id='word_1_537' title='bbox 1567 2753 1652 2787; x_wconf 87' lang='lat' dir='ltr'>XXI</span> <span class='ocrx_word' id='word_1_538' title='bbox 1679 2750 1786 2786; x_wconf 69' lang='lat' dir='ltr'>obss.²</span> <span class='ocrx_word' id='word_1_539' title='bbox 1825 2749 1895 2784; x_wconf 84' lang='lat' dir='ltr'>Sed</span> <span class='ocrx_word' id='word_1_540' title='bbox 1919 2749 2011 2783; x_wconf 87' lang='lat' dir='ltr'>haec</span> <span class='ocrx_word' id='word_1_541' title='bbox 2039 2759 2118 2782; x_wconf 89' lang='lat' dir='ltr'>con-</span> 
     </span>
     <span class='ocr_line' id='line_1_45' title="bbox 190 2808 2119 2861; baseline -0.005 -9"><span class='ocrx_word' id='word_1_542' title='bbox 190 2817 335 2854; x_wconf 86' lang='lat' dir='ltr'>iectura.</span> <span class='ocrx_word' id='word_1_543' title='bbox 358 2817 472 2860; x_wconf 82' lang='lat' dir='ltr'>fallit,</span> <span class='ocrx_word' id='word_1_544' title='bbox 498 2830 585 2854; x_wconf 85' lang='lat' dir='ltr'>nam</span> <span class='ocrx_word' id='word_1_545' title='bbox 610 2831 654 2854; x_wconf 82' lang='lat' dir='ltr'>ex</span> <span class='ocrx_word' id='word_1_546' title='bbox 673 2818 791 2853; x_wconf 86' lang='lat' dir='ltr'>Paulo</span> <span class='ocrx_word' id='word_1_547' title='bbox 807 2816 1022 2852; x_wconf 81' lang='lat' dir='ltr'>Rosanbino</span> <span class='ocrx_word' id='word_1_548' title='bbox 1045 2828 1139 2861; x_wconf 86' lang='lat' dir='ltr'>quae</span> <span class='ocrx_word' id='word_1_549' title='bbox 1159 2814 1338 2850; x_wconf 84' lang='lat' dir='ltr'>Haenelio</span> <span class='ocrx_word' id='word_1_550' title='bbox 1363 2816 1516 2850; x_wconf 84' lang='lat' dir='ltr'>enotata</span> <span class='ocrx_word' id='word_1_551' title='bbox 1541 2814 1626 2847; x_wconf 89' lang='lat' dir='ltr'>sunt</span> <span class='ocrx_word' id='word_1_552' title='bbox 1651 2821 1875 2855; x_wconf 86' lang='lat' dir='ltr'>quamquam</span> <span class='ocrx_word' id='word_1_553' title='bbox 1901 2808 2119 2853; x_wconf 81' lang='lat' dir='ltr'>imperfecta</span> 
     </span>
     <span class='ocr_line' id='line_1_46' title="bbox 192 2865 2119 2922; baseline -0.007 -11"><span class='ocrx_word' id='word_1_554' title='bbox 192 2875 291 2911; x_wconf 86' lang='lat' dir='ltr'>clare</span> <span class='ocrx_word' id='word_1_555' title='bbox 316 2876 517 2912; x_wconf 86' lang='lat' dir='ltr'>ostendunt</span> <span class='ocrx_word' id='word_1_556' title='bbox 546 2875 709 2922; x_wconf 81' lang='lat' dir='ltr'>insignia</span> <span class='ocrx_word' id='word_1_557' title='bbox 738 2875 806 2910; x_wconf 81' lang='lat' dir='ltr'>illa</span> <span class='ocrx_word' id='word_1_558' title='bbox 830 2875 1091 2910; x_wconf 82' lang='lat' dir='ltr'>additamenta</span> <span class='ocrx_word' id='word_1_559' title='bbox 1120 2885 1192 2908; x_wconf 86' lang='lat' dir='ltr'>non</span> <span class='ocrx_word' id='word_1_560' title='bbox 1223 2883 1300 2908; x_wconf 86' lang='lat' dir='ltr'>esse</span> <span class='ocrx_word' id='word_1_561' title='bbox 1334 2871 1371 2906; x_wconf 90' lang='lat' dir='ltr'>in</span> <span class='ocrx_word' id='word_1_562' title='bbox 1405 2870 1530 2906; x_wconf 87' lang='lat' dir='ltr'>codice</span> <span class='ocrx_word' id='word_1_563' title='bbox 1560 2870 1629 2904; x_wconf 91' lang='lat' dir='ltr'>hoc</span> <span class='ocrx_word' id='word_1_564' title='bbox 1654 2865 1946 2903; x_wconf 80' lang='lat' dir='ltr'>Vesontionensi.</span> <span class='ocrx_word' id='word_1_565' title='bbox 1973 2887 2017 2891; x_wconf 97' lang='lat'>—</span> <span class='ocrx_word' id='word_1_566' title='bbox 2042 2865 2119 2899; x_wconf 91' lang='lat' dir='ltr'>Hoc</span> 
     </span>
     <span class='ocr_line' id='line_1_47' title="bbox 191 2922 2120 2978; baseline -0.006 -10"><span class='ocrx_word' id='word_1_567' title='bbox 191 2934 317 2968; x_wconf 85' lang='lat' dir='ltr'>nostro</span> <span class='ocrx_word' id='word_1_568' title='bbox 341 2935 475 2978; x_wconf 85' lang='lat' dir='ltr'>utpote</span> <span class='ocrx_word' id='word_1_569' title='bbox 501 2945 566 2968; x_wconf 91' lang='lat' dir='ltr'>suo</span> <span class='ocrx_word' id='word_1_570' title='bbox 589 2933 647 2968; x_wconf 86' lang='lat' dir='ltr'>usi</span> <span class='ocrx_word' id='word_1_571' title='bbox 672 2935 758 2968; x_wconf 85' lang='lat' dir='ltr'>sunt</span> <span class='ocrx_word' id='word_1_572' title='bbox 783 2932 917 2968; x_wconf 83' lang='lat' dir='ltr'>fratres</span> <span class='ocrx_word' id='word_1_573' title='bbox 936 2930 1094 2966; x_wconf 84' lang='lat' dir='ltr'>I&#39;ithoei.</span> <span class='ocrx_word' id='word_1_574' title='bbox 1138 2931 1178 2964; x_wconf 87' lang='lat' dir='ltr'>Iu</span> <span class='ocrx_word' id='word_1_575' title='bbox 1196 2928 1297 2965; x_wconf 86' lang='lat' dir='ltr'>Petri</span> <span class='ocrx_word' id='word_1_576' title='bbox 1316 2928 1465 2963; x_wconf 88' lang='lat' dir='ltr'>Pithoei</span> <span class='ocrx_word' id='word_1_577' title='bbox 1483 2925 1685 2971; x_wconf 83' lang='lat' dir='ltr'>exemplari</span> <span class='ocrx_word' id='word_1_578' title='bbox 1705 2923 1878 2960; x_wconf 87' lang='lat' dir='ltr'>editionis</span> <span class='ocrx_word' id='word_1_579' title='bbox 1897 2922 2120 2958; x_wconf 85' lang='lat' dir='ltr'>Cuiaciauae</span> 
     </span>
     <span class='ocr_line' id='line_1_48' title="bbox 193 2980 2120 3036; baseline -0.006 -11"><span class='ocrx_word' id='word_1_580' title='bbox 193 2989 327 3035; x_wconf 82' lang='lat' dir='ltr'>prioris</span> <span class='ocrx_word' id='word_1_581' title='bbox 351 2992 431 3025; x_wconf 83' lang='lat' dir='ltr'>tam</span> <span class='ocrx_word' id='word_1_582' title='bbox 453 2989 714 3036; x_wconf 87' lang='lat' dir='ltr'>Eporediensis</span> <span class='ocrx_word' id='word_1_583' title='bbox 739 2989 826 3025; x_wconf 88' lang='lat' dir='ltr'>libri</span> <span class='ocrx_word' id='word_1_584' title='bbox 853 2988 1026 3035; x_wconf 84' lang='lat' dir='ltr'>propriae</span> <span class='ocrx_word' id='word_1_585' title='bbox 1051 2987 1231 3022; x_wconf 85' lang='lat' dir='ltr'>lectiones</span> <span class='ocrx_word' id='word_1_586' title='bbox 1256 2985 1491 3030; x_wconf 85' lang='lat' dir='ltr'>reperiuntur</span> <span class='ocrx_word' id='word_1_587' title='bbox 1508 2983 1718 3028; x_wconf 82' lang='lat' dir='ltr'>adscriptae</span> <span class='ocrx_word' id='word_1_588' title='bbox 1737 2993 1847 3026; x_wconf 85' lang='lat' dir='ltr'>quam</span> <span class='ocrx_word' id='word_1_589' title='bbox 1865 2980 2017 3015; x_wconf 84' lang='lat' dir='ltr'>huiusce</span> <span class='ocrx_word' id='word_1_590' title='bbox 2050 2991 2120 3014; x_wconf 86' lang='lat' dir='ltr'>non</span> 
     </span>
     <span class='ocr_line' id='line_1_49' title="bbox 192 3038 2119 3090; baseline -0.006 -9"><span class='ocrx_word' id='word_1_591' title='bbox 192 3046 389 3083; x_wconf 88' lang='lat' dir='ltr'>redeuntes</span> <span class='ocrx_word' id='word_1_592' title='bbox 418 3047 457 3082; x_wconf 93' lang='lat' dir='ltr'>in</span> <span class='ocrx_word' id='word_1_593' title='bbox 490 3047 572 3090; x_wconf 88' lang='lat' dir='ltr'>illo,</span> <span class='ocrx_word' id='word_1_594' title='bbox 605 3051 648 3083; x_wconf 90' lang='lat' dir='ltr'>ut</span> <span class='ocrx_word' id='word_1_595' title='bbox 681 3049 766 3083; x_wconf 89' lang='lat' dir='ltr'>sunt</span> <span class='ocrx_word' id='word_1_596' title='bbox 799 3049 851 3089; x_wconf 87' lang='grc'>16,</span> <span class='ocrx_word' id='word_1_597' title='bbox 866 3048 896 3088; x_wconf 87' lang='grc'>5,</span> <span class='ocrx_word' id='word_1_598' title='bbox 913 3048 964 3088; x_wconf 82' lang='grc'>12,</span> <span class='ocrx_word' id='word_1_599' title='bbox 982 3047 1056 3089; x_wconf 41' lang='grc'><strong>*516</strong></span> <span class='ocrx_word' id='word_1_600' title='bbox 1081 3045 1244 3088; x_wconf 77' lang='lat' dir='ltr'>sequenti</span> <span class='ocrx_word' id='word_1_601' title='bbox 1275 3042 1575 3086; x_wconf 77' lang='lat' dir='ltr'>ememlationique</span> <span class='ocrx_word' id='word_1_602' title='bbox 1599 3053 1627 3075; x_wconf 74' lang='lat' dir='ltr'>r.</span> <span class='ocrx_word' id='word_1_603' title='bbox 1649 3051 1676 3076; x_wconf 83' lang='lat' dir='ltr'>c.</span> <span class='ocrx_word' id='word_1_604' title='bbox 1710 3059 1751 3065; x_wconf 92' lang='lat'>—</span> <span class='ocrx_word' id='word_1_605' title='bbox 1787 3038 2015 3080; x_wconf 76' lang='grc'><strong>16,5,52,16</strong></span> <span class='ocrx_word' id='word_1_606' title='bbox 2043 3047 2119 3080; x_wconf 77' lang='lat' dir='ltr'>per-</span> 
     </span>
    </p>
   </div>
   <div class='ocr_carea' id='block_1_7' title="bbox 626 3108 728 3111">
    <p class='ocr_par' dir='ltr' id='par_1_13' title="bbox 626 3108 728 3111">
     <span class='ocr_line' id='line_1_50' title="bbox 626 3108 728 3111; baseline 0 0"><span class='ocrx_word' id='word_1_607' title='bbox 626 3108 728 3111; x_wconf 95' lang='lat' dir='ltr'> </span> 
     </span>
    </p>
   </div>
   <div class='ocr_carea' id='block_1_8' title="bbox 197 3128 2128 3414">
    <p class='ocr_par' dir='ltr' id='par_1_14' title="bbox 197 3128 2128 3414">
     <span class='ocr_line' id='line_1_51' title="bbox 315 3128 2128 3184; baseline -0.007 -10"><span class='ocrx_word' id='word_1_608' title='bbox 315 3141 342 3184; x_wconf 88' lang='lat'>¹)</span> <span class='ocrx_word' id='word_1_609' title='bbox 367 3141 558 3174; x_wconf 73' lang='lat' dir='ltr'>Philiberm</span> <span class='ocrx_word' id='word_1_610' title='bbox 583 3141 624 3174; x_wconf 86' lang='lat' dir='ltr'>de</span> <span class='ocrx_word' id='word_1_611' title='bbox 649 3141 681 3173; x_wconf 84' lang='lat' dir='ltr'>la</span> <span class='ocrx_word' id='word_1_612' title='bbox 706 3141 804 3173; x_wconf 83' lang='lat' dir='ltr'>Mare</span> <span class='ocrx_word' id='word_1_613' title='bbox 829 3152 860 3173; x_wconf 85' lang='lat' dir='ltr'>a.</span> <span class='ocrx_word' id='word_1_614' title='bbox 882 3138 966 3173; x_wconf 73' lang='grc'><strong>1611</strong></span> <span class='ocrx_word' id='word_1_615' title='bbox 997 3139 1095 3171; x_wconf 85' lang='lat' dir='ltr'>Febr.</span> <span class='ocrx_word' id='word_1_616' title='bbox 1117 3136 1159 3170; x_wconf 79' lang='lat'>14</span> <span class='ocrx_word' id='word_1_617' title='bbox 1183 3137 1273 3180; x_wconf 82' lang='lat' dir='ltr'>quod</span> <span class='ocrx_word' id='word_1_618' title='bbox 1298 3137 1433 3179; x_wconf 83' lang='lat' dir='ltr'>scripsit</span> <span class='ocrx_word' id='word_1_619' title='bbox 1458 3136 1566 3168; x_wconf 84' lang='lat' dir='ltr'>Iulius</span> <span class='ocrx_word' id='word_1_620' title='bbox 1591 3133 1732 3167; x_wconf 79' lang='lat' dir='ltr'>Chifflet</span> <span class='ocrx_word' id='word_1_621' title='bbox 1757 3132 1877 3172; x_wconf 81' lang='lat' dir='ltr'>(Paris.</span> <span class='ocrx_word' id='word_1_622' title='bbox 1896 3132 1969 3163; x_wconf 87' lang='lat' dir='ltr'>Lat.</span> <span class='ocrx_word' id='word_1_623' title='bbox 1988 3128 2128 3163; x_wconf 64' lang='lat'>‘506913</span> 
     </span>
     <span class='ocr_line' id='line_1_52' title="bbox 197 3177 2123 3231; baseline -0.007 -11"><span class='ocrx_word' id='word_1_624' title='bbox 197 3189 220 3222; x_wconf 84' lang='lat' dir='ltr'>f.</span> <span class='ocrx_word' id='word_1_625' title='bbox 238 3186 321 3231; x_wconf 85' lang='lat'>339)</span> <span class='ocrx_word' id='word_1_626' title='bbox 346 3188 643 3220; x_wconf 82' lang='lat' dir='ltr'>Vesontionensis:</span> <span class='ocrx_word' id='word_1_627' title='bbox 679 3186 719 3219; x_wconf 86' lang='lat' dir='ltr'>Je</span> <span class='ocrx_word' id='word_1_628' title='bbox 742 3197 825 3219; x_wconf 78' lang='lat' dir='ltr'>vous</span> <span class='ocrx_word' id='word_1_629' title='bbox 843 3186 997 3229; x_wconf 61' lang='lat' dir='ltr'>prepare</span> <span class='ocrx_word' id='word_1_630' title='bbox 1021 3195 1141 3218; x_wconf 73' lang='lat' dir='ltr'>e‘ncore</span> <span class='ocrx_word' id='word_1_631' title='bbox 1165 3194 1212 3215; x_wconf 81' lang='lat' dir='ltr'>un</span> <span class='ocrx_word' id='word_1_632' title='bbox 1237 3183 1395 3215; x_wconf 73' lang='lat' dir='ltr'>me&#39;mvire</span> <span class='ocrx_word' id='word_1_633' title='bbox 1420 3182 1468 3214; x_wconf 75' lang='lat' dir='ltr'>du</span> <span class='ocrx_word' id='word_1_634' title='bbox 1492 3182 1596 3213; x_wconf 55' lang='lat' dir='ltr'>meme</span> <span class='ocrx_word' id='word_1_635' title='bbox 1624 3179 1743 3222; x_wconf 72' lang='lat' dir='ltr'>Cujus,</span> <span class='ocrx_word' id='word_1_636' title='bbox 1767 3178 1824 3220; x_wconf 74' lang='lat' dir='ltr'>qui</span> <span class='ocrx_word' id='word_1_637' title='bbox 1848 3188 1975 3219; x_wconf 77' lang='lat' dir='ltr'>envoya</span> <span class='ocrx_word' id='word_1_638' title='bbox 2000 3177 2021 3207; x_wconf 83' lang='grc' dir='ltr'>ἱι</span> <span class='ocrx_word' id='word_1_639' title='bbox 2045 3187 2123 3208; x_wconf 83' lang='lat' dir='ltr'>mon</span> 
     </span>
     <span class='ocr_line' id='line_1_53' title="bbox 198 3223 2124 3278; baseline -0.007 -12"><span class='ocrx_word' id='word_1_640' title='bbox 198 3234 300 3278; x_wconf 75' lang='lat' dir='ltr'>ayeul</span> <span class='ocrx_word' id='word_1_641' title='bbox 328 3245 377 3266; x_wconf 82' lang='lat' dir='ltr'>un</span> <span class='ocrx_word' id='word_1_642' title='bbox 402 3233 542 3276; x_wconf 72' lang='lat' dir='ltr'>pre&#39;eeut</span> <span class='ocrx_word' id='word_1_643' title='bbox 571 3239 603 3266; x_wconf 80' lang='lat' dir='ltr'>et</span> <span class='ocrx_word' id='word_1_644' title='bbox 632 3233 706 3265; x_wconf 80' lang='lat' dir='ltr'>cela</span> <span class='ocrx_word' id='word_1_645' title='bbox 734 3234 790 3275; x_wconf 79' lang='lat' dir='ltr'>fut</span> <span class='ocrx_word' id='word_1_646' title='bbox 820 3232 892 3264; x_wconf 72' lang='lat' dir='ltr'>Fan</span> <span class='ocrx_word' id='word_1_647' title='bbox 912 3229 1034 3275; x_wconf 72' lang='lat'>[1572]</span> <span class='ocrx_word' id='word_1_648' title='bbox 1061 3231 1102 3263; x_wconf 81' lang='lat' dir='ltr'>cle</span> <span class='ocrx_word' id='word_1_649' title='bbox 1127 3230 1164 3261; x_wconf 81' lang='lat' dir='ltr'>la</span> <span class='ocrx_word' id='word_1_650' title='bbox 1189 3229 1316 3272; x_wconf 56' lang='lat' dir='ltr'>cles&#39;aite</span> <span class='ocrx_word' id='word_1_651' title='bbox 1341 3228 1382 3260; x_wconf 83' lang='lat' dir='ltr'>de</span> <span class='ocrx_word' id='word_1_652' title='bbox 1407 3228 1444 3261; x_wconf 81' lang='lat' dir='ltr'>S.</span> <span class='ocrx_word' id='word_1_653' title='bbox 1464 3227 1682 3268; x_wconf 72' lang='lat' dir='ltr'>Bartlus&#39;lemy</span> <span class='ocrx_word' id='word_1_654' title='bbox 1708 3226 1727 3256; x_wconf 84' lang='grc' dir='ltr'>ἱι</span> <span class='ocrx_word' id='word_1_655' title='bbox 1754 3224 1874 3264; x_wconf 69' lang='lat' dir='ltr'>Paris,</span> <span class='ocrx_word' id='word_1_656' title='bbox 1898 3234 1992 3264; x_wconf 76' lang='lat' dir='ltr'>pour</span> <span class='ocrx_word' id='word_1_657' title='bbox 2017 3223 2124 3263; x_wconf 72' lang='lat' dir='ltr'>lequel</span> 
     </span>
     <span class='ocr_line' id='line_1_54' title="bbox 197 3268 2125 3323; baseline -0.007 -10"><span class='ocrx_word' id='word_1_658' title='bbox 197 3280 354 3323; x_wconf 65' lang='lat' dir='ltr'>designer</span> <span class='ocrx_word' id='word_1_659' title='bbox 376 3280 404 3312; x_wconf 76' lang='lat' dir='ltr'>iz</span> <span class='ocrx_word' id='word_1_660' title='bbox 433 3279 531 3312; x_wconf 80' lang='lat' dir='ltr'>escrit</span> <span class='ocrx_word' id='word_1_661' title='bbox 555 3279 596 3312; x_wconf 80' lang='lat' dir='ltr'>de</span> <span class='ocrx_word' id='word_1_662' title='bbox 612 3289 653 3311; x_wconf 73' lang='lat' dir='ltr'>sa</span> <span class='ocrx_word' id='word_1_663' title='bbox 681 3279 778 3317; x_wconf 70' lang='lat' dir='ltr'>‘main</span> <span class='ocrx_word' id='word_1_664' title='bbox 798 3277 902 3311; x_wconf 86' lang='lat' dir='ltr'>‘anno</span> <span class='ocrx_word' id='word_1_665' title='bbox 927 3289 994 3319; x_wconf 87' lang='lat' dir='ltr'>quo</span> <span class='ocrx_word' id='word_1_666' title='bbox 1024 3277 1137 3309; x_wconf 67' lang='lat' dir='ltr'>Galba</span> <span class='ocrx_word' id='word_1_667' title='bbox 1155 3276 1361 3307; x_wconf 82' lang='lat' dir='ltr'>dedidicerat</span> <span class='ocrx_word' id='word_1_668' title='bbox 1385 3275 1578 3306; x_wconf 79' lang='lat' dir='ltr'>societatem</span> <span class='ocrx_word' id='word_1_669' title='bbox 1604 3269 1812 3303; x_wconf 58' lang='lat' dir='ltr'>humanans.</span> <span class='ocrx_word' id='word_1_670' title='bbox 1841 3295 1847 3301; x_wconf 93' lang='lat'>.</span> <span class='ocrx_word' id='word_1_671' title='bbox 1867 3295 1873 3301; x_wconf 92' lang='lat'>.</span> <span class='ocrx_word' id='word_1_672' title='bbox 1894 3294 1901 3301; x_wconf 93' lang='lat'><em>.</em></span> <span class='ocrx_word' id='word_1_673' title='bbox 1920 3295 1927 3302; x_wconf 87' lang='lat'><strong><em>.</em></strong></span> <span class='ocrx_word' id='word_1_674' title='bbox 1956 3268 2038 3299; x_wconf 65' lang='lat' dir='ltr'>Uest</span> <span class='ocrx_word' id='word_1_675' title='bbox 2063 3279 2125 3309; x_wconf 72' lang='lat' dir='ltr'>que</span> 
     </span>
     <span class='ocr_line' id='line_1_55' title="bbox 197 3316 2124 3369; baseline -0.006 -11"><span class='ocrx_word' id='word_1_676' title='bbox 197 3337 278 3358; x_wconf 72' lang='lat' dir='ltr'>mou</span> <span class='ocrx_word' id='word_1_677' title='bbox 303 3327 404 3369; x_wconf 73' lang='lat' dir='ltr'>ayeul</span> <span class='ocrx_word' id='word_1_678' title='bbox 429 3326 479 3358; x_wconf 82' lang='lat' dir='ltr'>lui</span> <span class='ocrx_word' id='word_1_679' title='bbox 503 3326 596 3357; x_wconf 78' lang='lat' dir='ltr'>avait</span> <span class='ocrx_word' id='word_1_680' title='bbox 619 3324 744 3367; x_wconf 52' lang='lat' dir='ltr'>envoy&amp;</span> <span class='ocrx_word' id='word_1_681' title='bbox 766 3325 797 3357; x_wconf 87' lang='lat' dir='ltr'>le</span> <span class='ocrx_word' id='word_1_682' title='bbox 821 3326 970 3357; x_wconf 86' lang='lat' dir='ltr'>codicem</span> <span class='ocrx_word' id='word_1_683' title='bbox 991 3323 1223 3362; x_wconf 78' lang='lat' dir='ltr'>Besantinum,</span> <span class='ocrx_word' id='word_1_684' title='bbox 1249 3322 1290 3352; x_wconf 73' lang='grc' dir='ltr'>οὺ</span> <span class='ocrx_word' id='word_1_685' title='bbox 1316 3320 1343 3352; x_wconf 82' lang='lat' dir='ltr'>il</span> <span class='ocrx_word' id='word_1_686' title='bbox 1368 3325 1482 3352; x_wconf 68' lang='lat' dir='ltr'>trouve</span> <span class='ocrx_word' id='word_1_687' title='bbox 1500 3320 1640 3361; x_wconf 73' lang='lat' dir='ltr'>quelque</span> <span class='ocrx_word' id='word_1_688' title='bbox 1663 3316 1887 3356; x_wconf 70' lang='lat' dir='ltr'>constitution,</span> <span class='ocrx_word' id='word_1_689' title='bbox 1911 3316 1954 3347; x_wconf 78' lang='lat' dir='ltr'>ad</span> <span class='ocrx_word' id='word_1_690' title='bbox 1980 3316 2124 3346; x_wconf 78' lang='lat' dir='ltr'>eundem</span> 
     </span>
     <span class='ocr_line' id='line_1_56' title="bbox 198 3367 1624 3414; baseline -0.006 -10"><span class='ocrx_word' id='word_1_691' title='bbox 198 3372 325 3405; x_wconf 86' lang='lat' dir='ltr'>librum</span> <span class='ocrx_word' id='word_1_692' title='bbox 350 3373 487 3405; x_wconf 88' lang='lat' dir='ltr'>omnino</span> <span class='ocrx_word' id='word_1_693' title='bbox 511 3376 653 3414; x_wconf 75' lang='lat' dir='ltr'>spectat,</span> <span class='ocrx_word' id='word_1_694' title='bbox 678 3381 886 3414; x_wconf 85' lang='lat' dir='ltr'>quamquam</span> <span class='ocrx_word' id='word_1_695' title='bbox 911 3381 1000 3412; x_wconf 85' lang='lat' dir='ltr'>quac</span> <span class='ocrx_word' id='word_1_696' title='bbox 1027 3370 1081 3401; x_wconf 86' lang='lat' dir='ltr'>hic</span> <span class='ocrx_word' id='word_1_697' title='bbox 1105 3368 1288 3399; x_wconf 73' lang='lat' dir='ltr'>traduntur</span> <span class='ocrx_word' id='word_1_698' title='bbox 1313 3367 1508 3409; x_wconf 75' lang='lat' dir='ltr'>perturbata</span> <span class='ocrx_word' id='word_1_699' title='bbox 1535 3370 1624 3397; x_wconf 80' lang='lat' dir='ltr'>sum.</span> 
     </span>
    </p>
   </div>
  </div>
 </body>
</html>
