2501 3615
0 3497 14 3615 „,....-
0 3394 6 3436 u-
0 3366 3 3373 v

1012 123 1243 159 -LI-

265 232 317 271 11,
331 230 384 270 30,
399 229 454 270 47,
468 228 489 263 3
515 239 575 264 eos
601 239 666 263 om.
686 228 818 274 Meyer.

260 288 382 329 11,30,
395 288 484 328 49,1
511 286 705 333 praecepit
732 286 858 330 quaml
886 284 1072 332 praecipit
1098 284 1195 330 quod
1223 285 1355 330 Meyer.

467 346 488 380 2
513 344 637 389 quam]
664 344 762 388 quod
788 344 919 389 Meyer.

263 404 314 444 11,
329 403 384 446 30,
401 403 454 444 50,
474 403 488 437 l
517 401 702 446 mulctari]
730 401 879 436 multari
908 401 1041 446 illcyer.

264 460 489 501 11,30,51‚1
517 459 725 495 necessaria
751 460 877 505 causa]
905 469 991 494 corr.
1019 468 1062 494 eu
1085 457 1326 493 necessariam
1353 468 1500 492 causam
1531 456 1662 501 Meyer.

264 517 382 559 11,30,
396 518 485 557 521
513 517 597 562 non]
623 523 674 551 1’111
705 517 833 561 Blcyer.

264 577 317 617 11,
332 575 387 616 30,
401 576 456 616 62,
470 576 491 610 3
516 575 726 621 appellatio
751 585 817 609 om.
837 573 967 618 Meyer.

265 634 318 675 11,
331 633 387 674 30,
402 633 456 674 63,
469 634 490 667 5
515 633 615 668 intra
640 644 705 667 om.
723 632 801 677 (sic)
819 631 955 676 BIeyer.

265 690 388 733 11‚3o,
405 691 492 731 64‚1
523 691 570 726 ab
595 689 829 735 infirmitate]
855 689 950 732 a(ut)
976 686 1192 722 infirmitate
1218 686 1351 730 Meyer.

268 749 320 790 11,
338 748 393 789 30,
410 748 501 787 65,3
526 748 625 783 intra
650 759 793 784 menses
819 747 922 789 duos]
949 744 987 780 in
1011 756 1155 780 menses
1182 744 1253 778 duo
1278 743 1407 788 Meyer.

268 807 320 847 11,
335 806 390 847 30,
407 806 460 847 66,
475 806 496 840 2
521 805 803 850 transationem]
829 802 1119 839 transactionem
1147 802 1280 847 Meyer.

475 864 496 898 3
522 864 673 908 annum]
698 874 741 898 ex
764 862 916 898 binnum
947 860 1078 905 Meyer.

269 922 322 962 ll,
337 921 392 964 30,
407 922 497 963 67,2
523 924 564 957 nt
590 920 785 967 praefecti]
813 925 836 955 ῦ
862 922 921 964 (=
947 918 1022 962 uel)
1047 917 1228 963 praefecti
1254 917 1388 962 Meyer.

274 979 394 1021 11.30,
411 979 498 1020 68,1
527 978 733 1025 praecepit]
761 975 949 1023 praecipit
978 975 1112 1020 Meyer.

290 1053 441 1089 Scholia
466 1054 559 1089 haec
584 1052 759 1098 (demptis
785 1051 830 1087 iis
855 1063 951 1097 quae
977 1050 1260 1096 proficiscuntur
1284 1059 1305 1083 a
1329 1047 1378 1082 V²
1405 1047 1499 1082 infra
1531 1058 1690 1082 seorsum
1718 1046 1896 1087 tractata)
1923 1044 1957 1078 in
1988 1045 2105 1078 forma

176 1111 388 1148 litterarum
410 1123 481 1147 non
504 1122 729 1157 magnopere
752 1110 929 1146 recedunt
955 1109 1002 1144 ab
1029 1107 1074 1142 iis
1092 1106 1227 1152 quibus
1253 1108 1376 1142 textus
1403 1107 1576 1141 exaratus
1601 1106 1666 1139 est.
1708 1103 1829 1138 Notae
1857 1115 1938 1137 cum
1962 1101 2106 1136 alienae

176 1169 251 1205 sint
286 1181 309 1204 a
333 1168 646 1205 constitutionum
670 1170 794 1209 textu,
826 1166 864 1202 in
894 1166 954 1202 his
985 1165 1176 1201 abundant
1204 1162 1429 1209 (composuit
1455 1176 1497 1198 ea
1523 1161 1733 1197 Manentius
1766 1161 1801 1195 in
1833 1162 1900 1195 fine
1933 1157 2108 1194 editionis

178 1227 310 1263 tabula
337 1227 402 1270 II),
435 1229 520 1262 sunt
545 1230 670 1263 autem
695 1229 844 1272 praeter
868 1224 1068 1271 legitimas,
1097 1227 1137 1259 ut
1162 1226 1221 1267 p—u,
1247 1225 1308 1266 (ῖνῖ)
1333 1221 1393 1256 hic
1419 1232 1565 1265 quoque
1591 1219 1750 1254 usitatas
1774 1218 1946 1263 vulgares
1972 1215 2108 1251 aetatis

178 1283 351 1326 labentis,
376 1286 418 1320 ut
442 1294 467 1328 p
487 1299 527 1313 =
540 1294 615 1328 per,
648 1296 683 1329 tp
704 1299 745 1312 =
758 1294 838 1328 pro,
863 1289 883 1328 ῑ)
902 1298 944 1312 ---
958 1293 1061 1327 prae,
1087 1285 1109 1316 ᾗ
1127 1297 1169 1311 =
1187 1284 1268 1324 aut,
1297 1285 1319 1315 ῦ
1345 1279 1452 1314 modo
1471 1294 1512 1307 =
1533 1278 1581 1312 cet
1603 1277 1711 1312 modo
1730 1292 1772 1305 =
1792 1279 1838 1319 ut,
1864 1287 1877 1310 2
1897 1290 1937 1303 z
1955 1284 2037 1316 com,
2064 1273 2110 1307 tio

177 1353 252 1377 una
275 1341 555 1388 contignatione
578 1343 911 1387 repraesentatum,
936 1343 981 1376 ᾖ
999 1355 1042 1369 =
1061 1350 1141 1383 esse,
1170 1342 1204 1374 s—s
1223 1354 1264 1368 =
1282 1348 1394 1382 supra
1411 1337 1564 1380 scriptus
1589 1339 1625 1371 et
1644 1335 1697 1369 sic
1715 1333 1898 1378 deinceps.
1919 1352 1958 1357 —-
1979 1330 2109 1365 Ortho-

179 1398 342 1446 graphia
367 1399 497 1434 eadem
521 1401 577 1434 est
596 1410 708 1444 quam
726 1398 878 1434 exhibet
905 1397 1042 1433 codicis
1067 1400 1202 1439 textus,
1228 1395 1299 1430 nisi
1324 1394 1423 1439 quod
1448 1405 1519 1428 uno
1537 1393 1619 1428 loco
1635 1393 1667 1434 9,
1682 1393 1713 1433 2,
1728 1392 1748 1426 6
1774 1390 1811 1425 in
1836 1388 1987 1425 scholiis
2013 1388 2109 1423 male

178 1455 319 1502 legitur
341 1455 517 1499 induciae,
545 1468 628 1491 cum
653 1459 848 1502 praeterea
871 1455 1018 1491 librarii
1045 1454 1084 1490 hi
1108 1466 1126 1489 c
1151 1457 1187 1490 et
1213 1457 1225 1488 t
1249 1456 1349 1488 recte
1375 1451 1621 1497 distinguant.
1642 1470 1681 1475 —
1701 1448 1857 1484 Omnino
1884 1447 1931 1482 ad
1957 1445 2109 1481 eandem

179 1513 369 1550 officinam
394 1513 513 1550 redire
540 1513 713 1549 videntur
736 1516 815 1550 tam
841 1513 936 1549 liber
960 1513 1040 1558 ipse
1066 1524 1177 1557 quam
1204 1510 1345 1546 scholia
1370 1509 1478 1549 haec,
1506 1507 1649 1543 scilicet
1675 1509 1716 1542 ut
1741 1505 1956 1541 litteratura
1980 1503 2016 1537 in
2045 1502 2109 1536 illo

179 1570 229 1606 sit
252 1570 424 1618 legitima
448 1570 627 1606 librorum
653 1571 788 1618 legum,
815 1571 853 1606 in
877 1570 935 1606 his
961 1570 1039 1606 eius
1066 1569 1204 1605 aetatis
1231 1567 1406 1613 vulgaris.
1433 1585 1473 1591 —-
1502 1566 1665 1610 Ipsorum
1694 1562 1915 1598 scholiorum
1942 1572 2036 1605 quae
2062 1559 2109 1594 sit

181 1628 357 1665 sermonis
381 1628 543 1664 infantia
569 1632 607 1664 et
631 1641 753 1665 rerum
778 1628 1008 1675 ignorantia,
1041 1640 1084 1664 ex
1110 1626 1311 1673 specimine
1337 1636 1448 1670 supra
1474 1623 1664 1669 proposito
1689 1621 1834 1656 abunde
1861 1619 2110 1664 intellegetur.

183 1685 297 1722 Casus
322 1688 361 1721 et
384 1686 527 1722 numeri
557 1690 594 1723 et
619 1687 719 1722 modi
750 1689 789 1722 et
820 1698 956 1733 genera
983 1685 1247 1722 vocabulorum
1273 1682 1446 1729 scriptori
1472 1679 1740 1726 quodammodo
1772 1690 1837 1724 pro
1868 1675 1984 1711 nihilo
2015 1678 2110 1709 sunt.

183 1743 391 1780 soloecismi
421 1746 480 1780 tot
512 1745 587 1780 fere
612 1747 703 1790 quot
728 1748 814 1780 sunt
841 1745 963 1779 verba.
1013 1743 1161 1778 Subieci
1187 1741 1357 1786 exempla
1382 1751 1503 1785 pauca
1528 1750 1571 1774 ex
1596 1736 1725 1773 multis

731 1807 827 1842 infra
849 1817 914 1851 pro
937 1806 1037 1842 intra
1064 1806 1116 1847 11,
1133 1805 1219 1846 30‚1
1249 1807 1278 1838 et
1297 1803 1434 1848 passim

733 1864 909 1900 infurcari
935 1879 977 1893 =
1002 1863 1227 1907 stranyulari
1254 1862 1306 1904 10,
1323 1861 1374 1901 10,
1390 1861 1410 1896 2

736 1922 925 1958 extediare
953 1922 1005 1963 10,
1022 1921 1074 1963 10,
1092 1923 1133 1956 15

737 1979 861 2016 del-are
887 1995 930 2009 =
956 1979 1092 2022 deferre
1118 1978 1292 2020 10‚10‚4:
1329 1976 1434 2011 iubet
1459 1974 1602 2009 nullum
1628 1971 1772 2007 occulte
1797 1980 1853 2005 rcs
1878 1968 2114 2003 innocentum

1015 2049 1082 2072 nec
1107 2035 1259 2083 publice
1285 2046 1351 2069 nec
1377 2033 1554 2068 absconse
1580 2030 1714 2066 delare.

189 2105 405 2142 Sententiae
431 2118 555 2142 omnes
581 2109 666 2142 sunt
693 2106 934 2151 perturbatae
961 2108 998 2140 et
1025 2105 1208 2145 confusae,
1235 2103 1400 2147 adeoque
1424 2100 1562 2147 passim
1586 2110 1656 2134 non
1675 2096 1915 2144 perscriptae,
1942 2098 1981 2130 ut
2008 2107 2118 2140 supra

187 2163 322 2204 9‚16,2
347 2165 386 2199 et
409 2163 549 2205 9‚16‚4
573 2165 612 2199 et
638 2163 789 2205 10,1,4:
815 2162 941 2197 similis
960 2162 1112 2206 primae,
1136 2165 1179 2195 ut
1204 2171 1318 2204 neque
1339 2159 1506 2203 sffiratus
1528 2157 1650 2200 fiscum
1677 2165 1786 2199 neque
1807 2157 1914 2197 fiscus
1938 2165 1960 2186 α
1979 2153 2120 2196 privato

188 2220 310 2254 vexari
333 2221 373 2255 et
396 2220 489 2255 haec
517 2221 569 2261 10,
585 2221 666 2261 3,6;
697 2221 875 2265 compescit
899 2220 952 2255 rei
971 2220 1171 2265 p(ublicae)
1191 2218 1377 2263 palatinos
1401 2216 1534 2250 hisdem
1558 2214 1692 2259 prediis
1718 2223 1786 2247 esse
1814 2211 2050 2252 conductores,
2082 2209 2120 2243 id

188 2280 238 2312 est
261 2279 303 2311 at
325 2288 437 2322 neque
458 2288 525 2323 per
541 2289 578 2313 se
601 2288 713 2322 neque
731 2289 800 2322 per
824 2278 1070 2322 interpositam
1090 2287 1290 2321 personam.
1328 2273 1477 2309 Vitiosa
1494 2282 1718 2316 quamquam
1745 2282 1788 2305 ex
1806 2272 1912 2314 parte
1938 2268 1985 2303 ad
2010 2267 2119 2303 libra-

188 2334 285 2370 rium
302 2335 459 2371 redeunt
477 2337 656 2379 (monstra
675 2335 949 2377 vocabulorum,
974 2334 1103 2379 qualia
1125 2334 1258 2369 adsunt
1278 2333 1308 2373 9,
1323 2333 1352 2373 7,
1367 2332 1388 2365 8
1414 2334 1451 2366 εἰ
1475 2331 1507 2371 9,
1524 2331 1576 2371 16,
1595 2330 1645 2370 12,
1672 2338 1892 2372 erroresque,
1919 2325 2040 2370 qualis
2066 2328 2121 2360 est

192 2394 245 2435 12,
262 2394 292 2435 1,
305 2393 351 2429 46
370 2393 563 2438 quemdotio
580 2393 662 2439 [sic3
682 2396 861 2439 punctum
880 2392 1028 2428 addidit
1045 2404 1174 2427 manus
1194 2390 1334 2435 eadem]
1354 2401 1420 2435 pro
1437 2387 1627 2423 sacerdotio
1645 2387 1688 2421 de
1707 2384 1941 2430 autographo
1959 2381 2121 2418 auctoris

191 2450 386 2496 quominus
417 2451 623 2498 cogitemus
654 2454 815 2496 vetant),
848 2451 1025 2497 pleraque
1058 2452 1157 2485 certe
1190 2448 1242 2483 sic
1280 2447 1383 2482 dedit
1417 2446 1495 2492 ipse
1527 2447 1666 2480 auctor.
1699 2463 1741 2468 —
1772 2442 1829 2476 Ad
1861 2442 2120 2487 argumentum

191 2506 416 2543 scholiorum
441 2509 540 2552 quod
569 2508 722 2551 attinet,
754 2511 945 2554 tamquam
979 2507 1261 2543 fundamentum
1291 2505 1433 2540 habent
1466 2501 1780 2547 comparationem
1813 2497 2120 2534 constitutionum

193 2565 421 2602 diversarum
446 2569 485 2602 et
509 2565 789 2602 adnotationem
814 2564 992 2600 similium
1020 2566 1057 2599 et
1083 2562 1367 2602 contrariarum,
1393 2560 1509 2596 talem
1534 2560 1618 2600 fere,
1645 2560 1685 2593 ut
1713 2557 1750 2592 in
1775 2555 1926 2592 scholiis
1950 2555 2003 2589 V²
2026 2554 2123 2588 infra

192 2622 369 2660 tractatis
394 2623 557 2659 cernitur
580 2623 629 2658 ad
652 2623 880 2669 principium
909 2622 998 2658 libri
1021 2620 1218 2657 undecimi.
1266 2618 1438 2664 Exempli
1469 2629 1579 2652 causa
1611 2616 1659 2651 ad
1686 2616 1737 2656 11,
1753 2615 1807 2656 30,
1823 2614 1868 2649 46
1893 2612 2121 2657 adscriptum

195 2683 267 2717 est:
300 2680 418 2716 XLV
436 2681 515 2726 [sic]
540 2681 665 2715 similis
690 2681 783 2715 ΠΗ
800 2685 832 2715 et
859 2680 908 2723 X,
935 2679 996 2714 sed
1017 2679 1072 2713 hic
1095 2678 1191 2712 *iubet
1214 2677 1345 2721 int(r)a
1369 2674 1651 2721 qao-astancium)
1679 2672 1812 2715 into-ja
1840 2671 1921 2705 XX
1943 2669 2000 2704 die
2023 2669 2123 2713 cant-

194 2739 287 2782 sa)m
313 2749 538 2784 coynoscere;
569 2738 617 2773 ad
644 2738 839 2780 11,30‚47:
873 2737 1032 2772 XLVII
1048 2736 1174 2770 similis
1199 2734 1295 2769 1111
1318 2737 1350 2768 et
1378 2731 1502 2767 XXX
1528 2730 1607 2776 [sic,
1634 2741 1704 2765 non
1733 2729 1839 2774 XXJ.
1889 2728 1938 2761 Ιη
1966 2726 2124 2770 s(upra)-

192 2796 355 2841 deripio)
379 2796 530 2831 iusserat
554 2796 695 2831 nullum
719 2795 938 2841 litigatorum
962 2794 1093 2837 venire,
1120 2792 1175 2827 hic
1199 2790 1352 2834 addidit,
1379 2790 1468 2835 αα),
1499 2789 1531 2824 si
1562 2789 1694 2831 int(r)‘a
1725 2797 1863 2820 annum
1888 2784 2124 2829 r(es)ponsztm

195 2855 420 2901 litiqator(es)
444 2865 521 2890 non
544 2853 790 2898 accepoerfint,
817 2852 968 2896 deb(er)e
994 2851 1123 2895 int(r)a
1148 2861 1286 2884 annum
1311 2849 1460 2883 collectis
1482 2847 1591 2892 gestis
1618 2845 1667 2879 rel
1692 2844 1881 2887 onmibacs)
1907 2841 2126 2876 documentis

195 2913 245 2948 ad
258 2913 492 2958 commatum)
508 2912 636 2947 venire.
676 2911 733 2946 Ad
752 2909 830 2946 eius
853 2909 997 2956 generis
1019 2907 1265 2943 indicationes
1286 2906 1468 2942 accedunt
1493 2905 1618 2950 legum
1643 2900 1842 2937 summaria
1868 2899 1998 2935 inscite
2024 2900 2125 2933 facta

196 2981 316 3015 neque
341 2969 467 3006 aliena
491 2969 553 3004 hic
579 2968 658 3003 illic
685 2968 732 3003 ab
757 2966 1064 3013 interpolatione3
1091 2968 1189 3001 certe
1209 2965 1261 3006 11,
1276 2964 1331 3007 30,
1347 2965 1389 2999 14
1408 2962 1507 3005 (vide
1530 2961 1627 3004 adn.)
1649 2970 1839 2994 numerum
1860 2957 1999 2993 dicrum
2025 2955 2125 2990 mala

197 3028 269 3064 fide
301 3026 479 3063 librarius
514 3025 679 3062 inseruit.
737 3025 925 3065 Quomodo
963 3022 1251 3059 constitutiones
1285 3021 1381 3056 male
1416 3017 1608 3059 mulcarit,
1644 3016 1902 3052 demonstrabo
1937 3013 2125 3058 adscripto

199 3085 369 3131 exemplo
394 3097 468 3121 uno
495 3084 548 3127 16,
562 3086 594 3126 5,
608 3084 664 3119 40.

539 3159 800 3194 summarium.-
1509 3151 1540 3186 T
1538 3154 1639 3186 extus
1665 3155 1716 3192 16,
1729 3155 1757 3192 5,
1772 3154 1833 3184 40:

202 3265 305 3302 Haec
330 3264 506 3300 adversus
530 3262 671 3308 Frygas
688 3261 902 3297 Manicheos
922 3259 1131 3305 Prisc-yllia-
1202 3256 1442 3292 Manichaeos
1469 3256 1526 3291 vel
1552 3255 1693 3300 Frygas
1720 3251 1796 3287 sive
1823 3248 2129 3286 priscillianistas

248 3322 367 3358 nistas
392 3321 586 3367 proposita
611 3319 682 3356 est*
1336 3312 1590 3359 persequimur
