2485 3615
1198 164 1245 170 —
1293 140 1405 179 CLIV
1453 163 1497 169 —

387 244 613 290 reliquarum
632 245 710 283 dies
728 245 902 292 locusque
922 246 1055 282 adsunt
1074 246 1291 292 subscripti;
1318 247 1581 292 pertinentque
1607 246 1635 282 ii
1660 249 1726 283 aut
1751 247 1799 284 ad
1824 248 2013 285 dationem
2038 246 2153 285 edicti
2178 252 2244 286 aut
2269 247 2317 286 ad

388 304 690 350 propositionem.
732 304 820 340 Dati
839 296 953 340 edicti
974 304 1200 349 subscriptio
1217 304 1518 349 frequentissima
1536 307 1592 340 est
1609 305 1847 350 pertinetque
1873 318 1927 351 ea,
1953 310 1995 342 ut
2020 307 2128 343 modo
2147 307 2316 347 diximus,

388 374 470 396 cum
488 363 568 398 loco
587 375 650 397 suo
669 363 716 397 ad
734 363 1004 408 imperatorem.
1042 361 1252 406 Propositio
1271 374 1353 397 cum
1372 362 1523 398 datione
1542 366 1584 398 ut
1603 366 1727 408 potest
1744 375 1816 399 uno
1834 367 1921 399 actu
1939 364 2130 405 contineri,
2149 365 2205 400 ita
2222 365 2316 400 nihil

387 420 561 465 impedit,
593 421 787 465 quominus
811 419 975 454 edictum
1000 420 1128 454 datum
1155 422 1254 454 certo
1281 420 1339 454 die
1372 422 1409 454 et
1442 420 1524 455 loco
1549 420 1625 455 alio
1652 420 1710 455 die
1736 421 1867 456 aliisve
1900 425 1938 458 et
1969 422 2044 458 alio
2070 423 2151 458 1000
2183 422 2316 458 aliisve

387 481 626 523 proponatur.
674 476 762 511 Eius
788 476 826 510 in
853 476 986 511 edictis
1018 476 1158 512 mentio
1190 476 1306 512 rarior
1323 480 1396 517 est,
1432 478 1495 513 sed
1520 478 1706 523 reperitur
1730 480 1810 514 tam
1835 479 2034 516 coniuncta
2057 492 2140 515 011111
2166 479 2316 515 datione

387 535 433 577 (8,
452 536 536 577 16,1
566 555 608 559 -
634 535 665 576 9,
682 534 748 575 Τ,3
773 554 816 558 ——
844 534 967 576 11,30,
985 534 1027 568 16
1053 554 1096 559 —
1126 535 1248 578 11‚30‚
1266 535 1306 569 17
1332 555 1376 560 -—
1403 535 1526 577 11,34,
1544 536 1576 579 1)
1604 547 1716 579 quam
1741 536 1910 572 solitaria
1936 537 2063 581 (8‚4,2
2081 559 2124 564 —
2141 538 2256 579 9,1,4
2273 558 2317 563 -—

388 593 510 636 11,30‚
528 594 569 628 15
595 612 639 617 —
666 592 798 633 12,1,7
826 612 868 616 —
905 592 958 633 12,
980 593 1011 633 5,
1033 591 1080 635 2).
1135 591 1254 627 Locus
1287 592 1318 627 si
1353 592 1417 637 qui
1452 592 1701 638 propositioni
1735 593 1885 630 additur
1917 595 1965 629 ad
1997 594 2117 640 ipsam
2152 595 2317 640 pertinet

387 650 669 693 nominanturqe
695 650 733 684 in
758 649 892 685 edictis
919 649 966 684 ad
991 650 1170 694 populum
1197 650 1495 695 provincialesve
1518 651 1616 687 datis
1641 652 1749 687 modo
1770 652 1888 688 Roma
1913 654 1958 696 (1,
1972 654 2003 695 9,
2021 655 2038 689 1
2058 673 2100 679 -
2118 653 2149 695 8,
2168 653 2220 695 16,
2236 655 2252 688 1
2273 674 2318 678 -

385 709 415 747 9,
432 708 496 747 7,3
523 708 566 742 cf.
589 708 662 748 1,9.
680 708 723 751 1),
749 707 856 742 modo
882 706 1103 743 Nicomedia
1129 708 1174 751 (9,
1194 710 1221 750 1,
1237 709 1283 753 4),
1311 709 1418 744 modo
1445 708 1790 755 Constantinopolis
1816 710 1954 753 (11‚3o,
1972 711 2039 755 16),
2065 713 2108 746 ut
2133 714 2318 757 appareat

384 764 519 808 respici
544 764 582 798 in
599 775 724 799 eorum
742 765 995 810 propositione
1014 765 1235 810 praesertim
1252 766 1360 801 urbes
1378 766 1526 812 imperii
1546 767 1769 812 praecipuas
1776 781 1784 808 ;
1809 767 1969 803 minores
1994 768 2032 802 in
2057 768 2115 803 his
2132 779 2205 803 non
2223 780 2317 804 com-

384 824 527 866 parent.
577 821 758 857 Similiter
783 823 907 858 edicta
933 822 1076 858 directa
1101 824 1149 858 ad
1172 822 1280 858 Afros
1305 828 1564 870 proponuntur
1582 825 1816 871 Karthagine
1843 825 1888 869 (8,
1901 826 1969 867 4‚2
1994 846 2038 851 —
2065 826 2117 867 11,
2135 825 2190 868 30,
2205 826 2248 860 15
2274 845 2317 850 -

385 879 437 917 12.
453 880 484 921 5,
499 879 544 923 2).
587 879 746 915 Minores
770 880 879 915 urbes
904 880 941 915 in
967 880 1149 916 eiusmodi
1167 880 1486 926 propositionibus
1504 894 1575 917 non
1594 881 1834 918 nominantur
1851 885 2000 928 praeter
2016 894 2130 918 unam
2151 883 2318 928 Capuam

384 937 473 979 (7‚9,
493 937 535 981 1).
585 937 709 982 Aceiffl·
737 938 900 973 edictum
926 938 1104 982 antiquae
1131 939 1389 975 consuetudini
1416 939 1641 975 contrarium
1667 942 1723 976 est
1755 952 1874 985 neque
1905 939 2096 976 invenitur
2119 939 2159 975 in
2184 940 2318 976 edictis

383 993 455 1027 nisi
482 993 623 1029 duobus
647 995 740 1030 10013
764 996 808 1039 (7,
824 997 855 1038 9,
872 997 888 1030 1
916 1016 960 1022 —
988 997 1109 1039 11,16,
1126 996 1160 1040 3)
1186 996 1307 1032 minus
1332 997 1481 1042 proprie
1508 996 1639 1043 opinor
1663 997 1854 1033 usitatum.

497 1064 667 1099 Alterum
697 1077 813 1111 genus
843 1066 969 1112 legum
1001 1067 1328 1112 imperatoriarum
1359 1070 1486 1104 aetate
1516 1068 1668 1104 meliore
1699 1080 1771 1103 non
1804 1070 1883 1103 tam
1908 1066 2081 1113 ignotum
2105 1078 2218 1112 quam
2242 1079 2316 1103 non

382 1120 479 1155 inter
503 1121 604 1167 leges
632 1134 736 1157 veras
761 1124 921 1159 relatum
947 1124 1116 1160 efficiunt
1141 1124 1305 1160 directae
1331 1128 1398 1160 aut
1427 1126 1474 1160 ad
1499 1129 1669 1161 senatum
1695 1127 1761 1161 aut
1786 1125 1833 1161 ad
1858 1124 2123 1171 magistratum
2141 1124 2316 1170 aliquem.

381 1179 461 1214 Hae
493 1179 595 1224 leges
621 1192 848 1224 quamquam
873 1183 911 1217 et
936 1181 1041 1227 ipsae
1072 1182 1213 1227 passim
1238 1183 1335 1218 inter
1358 1183 1566 1219 ‘edictales'
1590 1185 1833 1220 numerantur
1863 1184 1918 1228 (ut
1941 1195 2024 1218 nov,
2042 1182 2126 1218 Val.
2144 1183 2176 1224 7,
2192 1183 2254 1224 1,5
2276 1203 2318 1207 —

381 1237 436 1279 24,
454 1237 481 1278 l,
497 1237 542 1272 20
568 1240 662 1282 cet.),
689 1237 727 1272 id
753 1239 800 1273 ad
826 1239 901 1273 vim
926 1239 1021 1285 legis
1046 1240 1221 1286 pertinet,
1247 1252 1319 1275 non
1345 1241 1393 1275 ad
1418 1241 1584 1283 formam,
1610 1253 1730 1285 neque
1755 1240 1912 1276 dubium
1937 1243 1993 1276 est
2018 1241 2085 1276 has
2111 1252 2200 1283 esse,
2225 1251 2319 1285 quas

383 1294 613 1330 Theodosius
639 1295 772 1331 edictis
799 1297 967 1342 opponit,
994 1297 1096 1344 leges
1120 1298 1239 1333 ‘sacra
1263 1298 1515 1344 generalitate
1541 1298 1731 1334 subnixas'
1748 1300 1793 1342 (1,
1811 1300 1840 1341 1,
1857 1300 1878 1333 5
1897 1311 1950 1344 pr.
1959 1312 1967 1340 ;
1992 1298 2186 1334 ‘edictales
2210 1309 2319 1344 gene-

381 1352 565 1397 ralesque’
590 1353 876 1390 constitutiones
903 1356 932 1397 1,
951 1356 981 1397 1,
997 1355 1042 1399 6),
1069 1354 1217 1391 scilicet
1243 1355 1533 1392 constitutiones
1557 1356 1743 1402 generalis
1769 1356 1981 1402 argumenti
2013 1356 2061 1391 ab
2086 1355 2319 1401 imperatori-

381 1410 449 1444 bus
474 1410 604 1445 missas
635 1412 701 1446 aut
726 1411 774 1446 ad
803 1414 974 1447 senatum
999 1415 1065 1448 aut
1091 1414 1139 1449 ad
1163 1413 1428 1460 magistratum
1461 1414 1637 1459 aliquem.
1686 1414 1890 1450 Videamus
1923 1413 2083 1459 primum
2113 1414 2158 1449 de
2184 1413 2318 1449 consti-

381 1467 590 1503 tutionibus
616 1468 714 1503 datis
740 1481 806 1514 per
831 1472 1012 1506 senatum.

86 1537 343 1570 Constitutiones
501 1535 793 1572 Constitutiones
823 1539 911 1582 (vel,
948 1541 991 1574 ut
1027 1540 1184 1583 12,11,2
1215 1539 1253 1574 in
1285 1539 1552 1576 constitutione
1583 1552 1616 1576 a.
1642 1540 1710 1575 386
1740 1540 1943 1576 secundum
1977 1552 2084 1575 usum
2122 1539 2318 1584 antiquum

108 1585 254 1616 ⁶17⁷·ststOE
281 1585 327 1616 “d
383 1594 638 1638 appellantur,
669 1595 860 1638 orationes)
887 1596 1051 1632 directae
1083 1597 1131 1631 ad
1161 1601 1325 1632 senatum
1359 1599 1417 1634 vel
1452 1598 1573 1644 magis
1599 1598 1749 1644 proprie
1782 1610 1849 1644 per
1879 1597 2120 1644 epistularem
2145 1597 2318 1632 formam:

108 1635 259 1663 senatum
381 1652 614 1696 imperatores
644 1653 846 1688 consulibus
874 1656 1101 1698 praetoribus
1131 1656 1287 1691 tribunis
1314 1656 1427 1700 plebis
1457 1657 1601 1691 senatui
1637 1667 1702 1692 suo
1737 1657 1885 1691 salutem
1921 1655 2048 1691 dicumt
2058 1656 2083 1700 1)
2119 1658 2319 1701 postquam

383 1709 493 1745 datae
524 1713 610 1745 sunt
640 1709 687 1744 ab
713 1709 938 1755 imperatore
973 1711 1206 1757 subscriptae
1217 1714 1261 1757 ²),
1295 1712 1469 1748 dicuntur
1503 1714 1610 1748 lectae
1641 1713 1683 1748 in
1714 1717 1841 1748 senatu
1865 1713 2012 1758 (6‚4‚11
2039 1734 2084 1739 —-
2109 1713 2140 1754 6,
2151 1713 2184 1755 4,
2196 1712 2241 1748 23
2267 1711 2319 1756 [in

381 1767 439 1801 his
457 1767 600 1803 duabus
618 1768 721 1804 deest
738 1768 778 1802 in
796 1769 936 1813 senatu]
958 1789 998 1794 --
1017 1770 1048 1810 9,
1063 1771 1092 1811 1,
1106 1769 1147 1805 13
1166 1790 1208 1795 ——
1229 1771 1281 1812 10,
1298 1771 1329 1812 9,
1344 1770 1365 1804 8
1391 1790 1424 1795 -
1447 1771 1498 1813 15,
1517 1772 1546 1813 1,
1564 1773 1620 1816 19)
1640 1771 1698 1807 vel
1714 1772 1885 1807 recitatae
1899 1771 1942 1806 in
1957 1775 2084 1806 senatu
2101 1771 2148 1816 (6,
2161 1771 2194 1813 2,
2207 1771 2252 1806 25
2270 1790 2315 1795 -

382 1824 515 1867 8,18,1
545 1845 587 1851 -—
612 1826 706 1860 Nov.
726 1825 916 1871 Val.1,3).
957 1827 1118 1863 Additur
1144 1827 1355 1872 aliquoties,
1383 1829 1483 1874 apud
1509 1840 1619 1873 quem
1645 1829 1704 1864 vel
1729 1841 1796 1874 per
1820 1841 1930 1874 quem
1954 1829 2077 1865 lectae
2101 1828 2178 1864 sint
2201 1827 2316 1872 (apud

382 1881 536 1916 Vettium
568 1881 746 1925 Rufinum
771 1886 799 1927 ᾗ
822 1888 857 1918 ΐι.
889 1883 920 1925 8,
937 1883 1019 1925 18,1
1054 1905 1097 1909 -—
1129 1884 1173 1919 ab
1208 1885 1348 1919 Araoeio
1379 1887 1607 1930 proconsule,
1646 1885 1793 1922 scilicet
1832 1886 1935 1922 urbis
1972 1886 2316 1931 Constantinopolis

382 1940 412 1980 6,
427 1940 458 1981 4,
474 1939 504 1974 8.
522 1941 542 1974 9
567 1961 610 1966 -
629 1950 694 1984 per
716 1942 747 1979 t,
762 1943 794 1976 E.
812 1943 1059 1985 proconsulem
1081 1943 1357 1978 Postumianum
1375 1955 1457 1978 nov.
1476 1944 1558 1979 Val.
1579 1945 1608 1985 1,
1623 1944 1644 1979 3
1665 1964 1706 1969 -
1724 1955 1790 1989 per
1810 1944 2048 1980 Theodosium
2067 1944 2316 1989 primicerium

380 1998 605 2032 ‘notariorum
630 1998 660 2040 6,
676 1998 706 2040 2,
721 1999 790 2043 25).
817 2019 859 2023 ——
885 1999 996 2045 Legis
1021 2000 1069 2035 ad
1094 2003 1263 2036 senatum
1290 2001 1402 2037 datae
1426 2001 1464 2036 in
1490 2003 1622 2037 senatu
1647 2001 1821 2038 recitatio
1848 2014 1932 2038 cum
1955 2002 2079 2045 10011111
2105 2001 2314 2048 promulga-

381 2055 495 2090 tionis
521 2055 707 2097 obtineat,
740 2055 920 2091 eiusmodi
946 2057 1047 2103 leges
1079 2070 1150 2093 non
1176 2060 1444 2104 proponuntur.
1471 2079 1513 2084 —
1540 2059 1835 2096 Constitutiones
1859 2059 2020 2096 directas
2046 2059 2094 2095 ad
2118 2059 2314 2106 magistra-

381 2118 461 2149 tum
487 2125 569 2148 cum
595 2114 867 2160 subscriptione
892 2116 991 2151 nuda
1017 2117 1100 2151 lecta
1125 2116 1221 2152 infra
1247 2129 1282 2162 p.
1302 2117 1394 2152 CLV
1420 2118 1656 2153 ostendemus
1682 2120 1721 2154 et
1752 2118 1853 2164 ipsas
1878 2117 2088 2154 referendas
2113 2128 2193 2154 esse
2217 2116 2316 2152 inter

380 2183 452 2213 eaS,
479 2183 574 2215 quae
600 2172 710 2208 datae
735 2175 821 2208 sunt
847 2174 894 2208 ad
919 2176 1098 2209 senatum.

62 2243 319 2276 C'onstitutiones
496 2241 622 2286 Longe
652 2241 815 2278 maxima
845 2254 931 2288 pars
963 2243 1273 2280 constitutionum
1298 2244 1441 2281 directa
1474 2248 1531 2281 est
1562 2245 1610 2281 ad
1640 2245 1905 2291 magistratum
1930 2243 2095 2289 aliquem
2125 2255 2208 2280 eam
2233 2255 2313 2290 pro-

82 2291 229 2342 directae
255 2289 302 2320 ‘¹⁶3
378 2298 644 2343 mulgaturum.
699 2300 777 2334 Iam
811 2300 854 2335 de
885 2300 1018 2336 harum
1051 2301 1181 2337 diebus
1213 2302 1380 2347 locisque
1413 2303 1653 2339 tract-andum
1686 2305 1743 2339 est
1778 2305 1816 2337 et
1851 2301 2097 2348 explicandae
2132 2301 2313 2338 formulae

80 2341 317 2378 quoquo-azzon
381 2355 417 2390 in
451 2355 788 2401 subscriptionibus
820 2358 1016 2395 sollemnes
1051 2359 1331 2395 constitutionis
1366 2360 1491 2406 datae,
1516 2364 1699 2406 acceptae,
1729 2361 1840 2396 lectae
1873 2359 1974 2404 apud
1999 2363 2090 2404 aeta,
2112 2360 2312 2405 praelatae,

375 2414 591 2458 propositae,
613 2418 774 2459 regestae.

40 2486 96 2518 070
100 2491 149 2517 ast
147 2486 248 2518 zuzim
250 2498 319 2518 zum
494 2482 580 2518 Dies
607 2495 689 2519 cum
714 2484 806 2520 locis
832 2485 906 2520 suis
931 2485 968 2520 in
996 2486 1327 2522 constitutionibus
1353 2487 1506 2523 directis
1531 2489 1578 2523 ad
1603 2487 1868 2534 magistratum
1887 2487 2052 2532 aliquem
2070 2489 2226 2532 possunt
2251 2487 2312 2522 ad-

59 2532 354 2612 qdmpqzstmtum
380 2541 502 2576 notari
532 2544 622 2583 tres,
656 2543 936 2578 constitutionis
968 2544 1088 2581 datae.
1118 2545 1398 2581 constitutionis
1423 2549 1613 2592 acceptae,
1641 2544 1922 2581 constitutionis
1947 2544 2172 2590 propositae.
2222 2545 2312 2580 Con-

59 2592 70 2611 ί
96 2591 149 2611 TC(
166 2593 185 2611 a
202 2590 243 2610 ’117
255 2592 265 2610 L

60 2627 95 2658 d.
98 2638 130 2658 es
155 2633 184 2658 et
209 2627 274 2658 luet
381 2598 498 2634 iuncti
522 2602 596 2634 tres
614 2600 712 2644 qnod
736 2600 851 2636 sciam
874 2613 947 2636 non
970 2601 1207 2646 reperiuntur
1226 2603 1299 2638 nisi
1324 2603 1362 2637 in
1387 2603 1721 2640 constitutionibus
1746 2602 1970 2647 quibusdam
1982 2602 2241 2638 Valentiniani
2259 2603 2313 2638 III

379 2658 473 2700 (nov.
498 2657 553 2697 20,
568 2657 598 2691 2.
630 2658 730 2699 22,1.
763 2658 883 2703 30.1);
918 2658 955 2693 in
987 2659 1245 2695 Theodosiano
1280 2661 1523 2696 enuntiantur
1556 2664 1622 2697 aut
1653 2660 1810 2708 singuli,
1844 2660 1883 2695 id
1914 2661 2013 2704 quod
2046 2661 2242 2706 praevalet
2275 2661 2312 2696 in

377 2714 659 2756 recentioribus,
687 2718 753 2751 aut.
778 2715 855 2750 bini
882 2719 920 2751 et
944 2716 1000 2752 ita
1025 2717 1191 2762 quidem,
1217 2721 1259 2753 ut
1285 2718 1362 2754 dies
1388 2719 1499 2754 datae
1524 2718 1618 2765 legis
1644 2718 1822 2765 iungatur
1848 2720 1916 2754 aut
1940 2729 2023 2753 cum
2049 2717 2108 2753 die
2133 2719 2312 2763 acceptae

378 2774 443 2807 aut
471 2784 552 2807 cum
571 2772 630 2807 die
649 2773 880 2818 propositae;
908 2778 1087 2819 acceptae
1114 2778 1151 2810 et
1170 2776 1384 2821 propositae
1401 2788 1603 2821 numquam
1622 2776 1731 2811 simul
1754 2775 2003 2812 nominantur.
2044 2775 2125 2810 Duo
2143 2775 2223 2810 dies
2246 2775 2311 2810 ubi

378 2829 630 2871 enuntiantur,
658 2842 793 2865 annum
819 2831 1051 2877 adscriptum
1077 2833 1273 2878 posteriori
1299 2833 1390 2870 item
1416 2834 1602 2879 pertinere
1629 2835 1677 2870 ad
1703 2834 1864 2880 priorem
1889 2833 1943 2869 ibi
1968 2832 2122 2868 dubium
2146 2843 2219 2867 non
2244 2835 2310 2875 est,

378 2886 442 2921 ubi
476 2887 563 2922 anni
595 2887 692 2923 ratio
725 2889 763 2923 id
796 2889 983 2933 admittit;
1014 2890 1079 2925 ubi
1109 2891 1320 2937 refragatur
1345 2892 1494 2936 diesque
1522 2892 1632 2927 datae
1659 2891 1938 2928 constitutionis
1970 2894 2008 2927 et
2042 2892 2222 2935 acceptae
2251 2891 2311 2926 vel

379 2945 592 2989 propositae
619 2946 683 2980 ubi
710 2946 881 2982 incidunt
907 2948 945 2982 in
971 2959 1084 2983 annos
1110 2948 1283 2991 diversos,
1310 2961 1426 2984 annus
1451 2949 1599 2994 utrique
1626 2949 1789 2986 adscribi
1807 2949 1948 2985 debuit.
1988 2949 2039 2983 At
2063 2948 2102 2983 in
2127 2947 2309 2993 subscrip-

501 3074 524 3116 ¹)
549 3076 602 3107 Ita
628 3075 811 3118 inscriptae
837 3083 917 3109 sunt
941 3078 1034 3120 leges
1059 3078 1157 3111 datae
1182 3091 1201 3111 a
1219 3080 1443 3112 Constantino
1468 3091 1497 3112 a.
1512 3078 1578 3112 315
1597 3077 1767 3121 (8,18,1),
1792 3079 1837 3112 ab
1855 3078 2006 3112 Honorio
2031 3076 2145 3112 a.423
2163 3075 2308 3119 (1‚G,ll

380 3120 637 3208 ἷυιέιϋὲἳιωῑὴ),
663 3133 683 3154 a
703 3123 944 3155 Valentiniano
971 3125 1019 3156 ΙΙΙ
1045 3135 1076 3156 a.
1095 3123 1164 3156 450
1189 3126 1373 3165 (Nov.Val.
1392 3125 1420 3168 1,
1435 3125 1488 3167 3),
1513 3127 1556 3158 ab
1583 3126 1766 3158 Anastasio
1791 3137 1821 3158 a.
1839 3123 1907 3158 516
1933 3123 2049 3167 (Thiel
2073 3124 2171 3168 epist.
2189 3123 2308 3166 pontif.

500 3223 526 3263 2)
553 3226 629 3266 Ipsa
654 3225 859 3269 subscriptio
885 3238 959 3259 sciv
963 3232 1019 3260 ¹ita
1046 3234 1096 3259 est
1121 3228 1154 3260 in
1182 3229 1318 3261 novella
1344 3229 1575 3262 Valentiniani
1605 3229 1635 3267 1,
1653 3228 1689 3261 3·
1725 3234 1754 3261 et
1777 3239 1884 3260 manu
1909 3228 2045 3261 divina.-
2076 3232 2231 3269 optamus
2252 3236 2310 3258 ¹1:08

381 3269 474 3310 felici
477 3281 506 3300 33
493 3270 594 3301 simos
620 3282 660 3302 ac·
677 3271 938 3313 florentissimos
963 3275 1134 3315 nostrique
1167 3275 1418 3307 avrantissimos
1442 3287 1510 3318 per
1542 3276 1666 3308 multos
1699 3286 1810 3307 anuos
1841 3275 1923 3308 hene
1955 3274 2080 3315 valere,
2106 3271 2310 3305 sanctissimi

382 3327 514 3404 omliinis
534 3326 685 3369 patoes)
711 3328 935 3372 c(o713c71pte)
968 3336 997 3364 et
1023 3331 1070 3363 acl
1096 3333 1202 3363 latas.-
1228 3332 1298 3365 dat.
1320 3331 1390 3364 III
1409 3344 1489 3365 11011.
1510 3333 1584 3364 illm
1585 3338 1615 3365 t.
1634 3332 1764 3365 Itomae
1789 3333 1822 3366 ἀ.
1847 3344 1882 3365 ’11,
1910 3329 2149 3364 Valentiniano
2167 3329 2211 3363 A.
2236 3328 2310 3362 VII

381 3377 411 3403 et
472 3384 565 3404 reno
592 3375 670 3407 1“.ῐ·.
697 3386 794 3406 csons
