2485 3615
112 1743 216 1787 Leyes
235 1743 346 1775 Germ.

169 2836 240 2869 Lex
260 2835 359 2878 Visiy.

1195 133 1443 172 „LX-

359 244 497 281 indicio
521 245 699 292 proditur.
749 244 802 280 Ex
827 243 885 279 his
911 255 989 285 eas,
1017 254 1110 287 quae
1137 253 1209 276 non
1233 244 1402 286 repertae
1428 239 1467 275 in
1492 240 1749 277 Theodosiano
1774 245 1898 278 nostro
1922 242 2069 278 fuerunt
2102 243 2140 278 in
2170 243 2281 289 pleno

358 304 396 338 in
426 303 532 339 libris
562 303 672 339 hodie
703 302 847 338 mutilis
880 301 1042 346 quinque
1074 299 1258 344 prioribus
1290 302 1325 334 et
1361 301 1524 334 extremo
1555 302 1703 340 octavo,
1741 298 1779 334 in
1811 300 1881 335 hac
1918 300 2082 336 editione
2113 303 2281 346 repetere

358 361 559 402 noluimus,
591 361 654 397 sed
684 359 900 396 admisimus
925 370 987 394 eas
1012 358 1049 392 in
1073 357 1274 392 laterculos
1299 360 1441 392 nostros
1467 359 1546 391 tam
1571 356 1800 402 dignitatum
1825 370 1937 402 quam
1969 358 2280 404 chronologicum.

360 418 653 454 Constitutiones
678 419 843 452 servatas
869 416 907 450 in
933 419 1089 459 utroque
1115 425 1264 459 corpore
1291 413 1429 459 passim
1454 413 1613 449 invicem
1639 426 1716 450 sese
1743 416 1939 451 emendant
1964 418 2002 452 et
2032 419 2075 451 ut
2106 415 2172 451 ubi
2196 415 2284 450 libri

359 475 398 510 in
424 475 629 510 Iustiniano
660 474 805 509 variant
832 472 1129 508 Theodosianum
1158 471 1413 508 testimonium
1442 471 1548 507 litem
1582 471 1751 508 dirimere
1781 473 1893 515 solet,
1927 472 1997 515 ita,
2030 473 2121 508 licet
2153 472 2282 515 rarius,

360 532 608 568 Theodosiani
634 530 854 576 corruptelis
879 529 1085 565 Iustiniana
1110 529 1223 565 lectio
1241 529 1441 574 aliquoties
1459 528 1642 564 subvenit.
1681 529 1918 575 Quapropter
1941 531 1989 565 ad
2006 530 2285 566 Theodosianas

360 589 644 625 constitutiones
669 588 898 624 Iustinianae
928 590 965 623 et
991 588 1190 632 adlegatae
1216 590 1300 622 sunt
1332 590 1369 623 et·
1395 586 1521 622 variae
1546 586 1718 622 lectionis
1742 586 1781 621 in
1805 590 1992 632 apparatu
2016 588 2113 623 ratio
2139 588 2283 630 habita,

360 660 442 683 cum
468 648 613 683 delectu
638 650 772 681 tamen.
821 645 919 680 Nam
949 644 987 679 in
1013 657 1164 690 corpore
1189 644 1394 680 Iustiniano
1420 657 1503 680 cum
1528 644 1640 680 multi
1671 645 1743 680 loci
1775 645 1942 681 consulto
1971 646 2109 682 mutati
2139 646 2214 681 sint
2239 665 2284 671 -——

360 703 567 749 composuit
591 702 817 738 mutationes
842 714 903 738 eas
928 702 1130 748 diligenter
1155 702 1193 737 E.
1211 701 1335 747 Grupe
1360 702 1580 745 (Zeitschrift
1605 702 1666 736 cler
1691 702 2048 748 Saviyny-Stif’tuny‚
2077 707 2162 739 ro'm.
2180 703 2284 738 Abth.

361 763 431 797 vol.
452 762 494 796 14
513 761 630 806 [1893]
656 773 690 806 p.
705 760 773 795 224
790 772 879 805 seq.;
908 761 978 796 vol.
995 762 1036 795 15
1056 760 1171 806 [1894]
1198 772 1232 805 p.
1249 760 1318 795 :327
1336 761 1423 804 seq.)
1442 781 1484 785 —
1507 771 1568 795 eas
1592 759 1819 795 mutationes
1845 771 1888 794 ex
1913 764 2100 806 apparatu
2124 763 2286 797 remotas

359 820 465 854 iuxta
488 821 632 854 textum
651 817 929 863 adscripsimus;
955 820 1039 852 sunt
1065 817 1163 853 enim
1188 817 1337 853 omnino
1361 817 1546 854 notabiles
1572 821 1609 853 et
1635 818 1866 852 commodum
1891 817 1963 854 erit
1985 821 2184 864 utrumque
2209 821 2286 854 tex-

359 880 439 911 tum
465 875 610 921 plenius
635 887 747 920 quam
772 875 893 910 adhuc
919 875 1060 911 factum
1086 878 1142 910 est
1167 875 1277 910 simul
1302 875 1369 910 sub
1395 875 1512 910 oculis
1538 875 1685 910 habere.
1732 874 1913 919 Reliquae
1939 878 2064 911 autem
2090 875 2287 912 Iustiniani

360 933 522 978 corporis
547 933 726 969 lectiones
751 932 876 968 variae
901 932 964 974 ibi,
990 933 1055 968 ubi
1081 932 1281 968 Iustiniani
1305 932 1392 967 libri
1418 932 1475 968 ita
1500 932 1657 973 variant,
1683 935 1724 968 ut
1749 944 1836 978 pars
1861 944 1987 968 eorum
2012 945 2096 968 cum
2121 933 2287 970 Theodo-

359 991 463 1025 siano
496 990 614 1025 faciat
646 994 683 1026 et
714 1002 780 1035 per
804 990 901 1025 hunc
934 990 1055 1035 ipsum
1087 990 1305 1035 plerumque
1337 992 1481 1025 constet
1513 990 1556 1024 de
1582 989 1740 1026 lectione
1774 989 1972 1035 archetypi
2002 990 2215 1033 Iustiniani,
2249 991 2287 1026 in

360 1048 455 1083 hanc
481 1047 643 1093 corporis
667 1047 881 1083 vetustioris
911 1048 1161 1084 recensionem
1191 1059 1263 1082 non
1288 1047 1471 1083 admissae
1497 1050 1583 1083 sunt
1613 1047 1685 1082 nisi
1717 1059 1760 1083 ex
1787 1047 1896 1083 certis
1923 1047 2044 1083 causis
2068 1059 2135 1094 per
2159 1060 2289 1094 excep-

360 1106 510 1141 tionem.
561 1105 696 1140 Contra
721 1105 786 1140 ubi
811 1105 1019 1141 Iustiniana
1052 1105 1165 1140 lectio
1196 1104 1389 1150 primitiva
1422 1104 1477 1140 ita
1509 1104 1633 1141 differt
1664 1117 1685 1140 a
1711 1105 1986 1147 Theodosiana,
2018 1109 2061 1142 ut
2095 1106 2139 1141 de
2171 1109 2290 1142 muta-

360 1164 460 1199 tione
491 1163 659 1198 consulto
688 1163 791 1198 facta
823 1163 983 1208 cogitari
1012 1165 1189 1207 nequeat,
1223 1162 1329 1197 illam
1358 1162 1427 1204 ibi,
1461 1162 1526 1198 ubi
1552 1162 1810 1198 Theodosiana
1840 1162 1953 1198 lectio
1985 1165 2085 1199 certo
2115 1163 2290 1199 mendosa

360 1221 440 1256 visa
465 1224 536 1261 est.
567 1220 605 1255 in
630 1224 775 1256 textum
798 1220 940 1266 recepi;
972 1223 1167 1265 praeterea
1191 1232 1273 1255 eam
1304 1222 1370 1255 aut
1400 1219 1438 1254 in
1462 1219 1629 1265 margine
1660 1219 1785 1265 posui,
1817 1220 1856 1255 id
1881 1221 1980 1265 quod
2004 1219 2060 1256 ibi
2084 1220 2159 1256 fere
2184 1232 2290 1267 prae-

359 1278 446 1320 tuli,
477 1278 542 1314 ubi
573 1290 700 1324 parem
732 1290 815 1313 cum
847 1277 1104 1313 Theodosiana
1136 1277 1401 1314 auctoritatem
1432 1277 1570 1313 habere
1594 1276 1798 1319 videretur,
1833 1281 1899 1313 aut
1929 1278 2132 1324 apparatui
2164 1281 2290 1314 nostro

359 1336 513 1377 inserui,
538 1336 579 1371 id
603 1336 701 1380 quod
725 1335 763 1370 in
788 1335 992 1371 minoribus
1016 1336 1091 1371 fere
1117 1335 1259 1371 factum
1284 1338 1350 1371 est.
1399 1334 1697 1380 Subscriptiones
1721 1335 1760 1369 in
1783 1334 1992 1370 Iustiniano
2015 1338 2166 1381 praeter
2178 1335 2290 1371 Vero-

360 1405 510 1428 nensem
533 1393 669 1428 librum
695 1395 759 1429 aut
786 1396 954 1428 servatae
980 1396 1066 1429 sunt
1092 1396 1288 1438 corruptae
1313 1396 1351 1429 et
1375 1392 1532 1428 mutilae
1559 1392 1613 1435 (id
1637 1392 1736 1436 quod
1762 1392 1865 1428 cadit
1889 1392 2127 1438 potissimum
2150 1393 2190 1428 in
2214 1393 2292 1439 epi-

360 1454 586 1487 tomatorum
606 1451 676 1485 PL
701 1454 737 1486 et
763 1450 801 1485 in
826 1450 1104 1495 Haliandrinas)
1130 1454 1196 1486 aut
1221 1451 1332 1496 plane
1358 1450 1534 1486 deficiunt
1559 1449 1687 1494 itaque
1714 1449 1991 1486 Theodosianas
2015 1449 2055 1485 in
2078 1450 2291 1486 universum

360 1508 492 1544 melius
516 1507 675 1544 traditas
699 1520 781 1543 raro
807 1509 959 1553 explent
985 1509 1042 1544 vel
1069 1508 1282 1549 emendant;
1315 1511 1544 1553 quapropter
1570 1519 1632 1543 eas
1657 1507 1924 1542 Theodosianis
1955 1508 2115 1553 apposui
2143 1508 2292 1544 delectu

361 1565 504 1601 habito.
544 1566 778 1611 Apparatum
803 1565 1052 1601 Iustinianum
1078 1565 1266 1611 desumpsi
1290 1577 1334 1600 ex
1359 1565 1511 1611 egregia
1535 1565 1698 1601 editione
1719 1564 1975 1611 Kruegeriana
1999 1565 2180 1601 vocabulo
2199 1566 2290 1602 Just.

360 1622 585 1668 praeposito,
610 1623 766 1659 retentis
790 1623 890 1659 notis
912 1623 1055 1666 iisdem,
1082 1635 1237 1668 quarum
1260 1623 1482 1658 laterculum
1506 1625 1706 1668 propterea
1727 1623 1859 1658 tabula
1882 1625 2009 1658 nostra
2033 1622 2293 1659 subministrat

361 1680 586 1726 praefationi
611 1681 825 1726 praemissa.

478 1739 519 1773 V.
557 1739 674 1784 Leges
706 1739 905 1784 pleraeque
936 1738 1130 1773 nationum
1155 1737 1457 1773 Germanicarum
1482 1737 1530 1772 ad
1556 1737 1806 1772 Theodosiani
1829 1737 2080 1773 recensionem
2109 1748 2182 1772 non
2212 1749 2292 1782 per-

364 1796 527 1831 veniunt.
567 1795 809 1837 Quaestiones
826 1795 1044 1841 implicatae
1068 1798 1106 1831 et
1130 1798 1396 1836 controversae,
1421 1795 1517 1830 unde
1535 1794 1761 1830 adsciverint
1778 1794 2008 1839 antiquiores
2025 1806 2151 1830 earum
2169 1794 2294 1830 salica

364 1853 626 1889 Ribuariorum
650 1854 940 1889 Alamannorum
966 1853 1094 1899 capita
1118 1853 1300 1897 quaedam
1327 1865 1410 1888 cum
1434 1852 1614 1898 religione
1641 1852 1855 1888 Christiana
1885 1852 2101 1895 coniuncta,
2132 1864 2295 1898 praeser-

364 1912 432 1948 tim
459 1912 502 1948 de
527 1911 812 1947 manumissione
837 1911 874 1946 in
901 1911 1059 1947 ecclesia
1085 1911 1144 1955 (cf.
1169 1911 1228 1947 lex
1253 1911 1515 1946 Ribuariorum
1542 1922 1571 1945 c.
1589 1910 1647 1954 58)
1673 1913 1711 1946 et
1737 1910 1780 1946 de
1805 1910 1949 1956 nuptiis
1972 1910 2125 1946 incestis
2150 1910 2210 1954 (cf.
2234 1910 2295 1946 lex

363 1970 653 2005 Alamannorum
679 1981 708 2005 c.
727 1969 802 2013 39),
835 1969 882 2004 ad
913 1969 970 2003 ius
995 1968 1203 2003 Romanum
1227 1968 1432 2013 pertinent,
1465 1980 1537 2003 non
1562 1968 1610 2003 ad
1636 1967 1836 2004 Theodosii
1861 1967 2037 2003 codicem.
2085 1967 2161 2003 Lex
2185 1967 2296 2003 Baiu-

366 2027 551 2062 variorum
575 2030 616 2063 ut
642 2039 713 2062 uno
740 2029 839 2062 certe
864 2027 946 2062 loco
973 2028 1017 2069 (1,
1034 2028 1063 2068 1,
1080 2027 1135 2071 12)
1162 2026 1466 2062 constitutionem
1491 2037 1524 2061 a.
1541 2026 1609 2060 420
1634 2026 1681 2060 ad
1707 2025 1860 2060 verbum
1883 2024 2088 2067 reddit‚-ea
2111 2028 2169 2061 est
2193 2027 2233 2061 et
2257 2025 2296 2060 in

366 2085 622 2120 Theodosiano
653 2087 733 2120 tam
763 2084 908 2130 integro
941 2084 1009 2127 (16,
1023 2084 1054 2126 2,
1068 2085 1127 2128 44)
1161 2095 1273 2128 quam
1304 2083 1474 2118 breviato
1508 2085 1545 2117 et
1578 2082 1617 2117 in
1648 2082 1854 2118 Iustiniano
1885 2082 1977 2126 (1‚3‚
1994 2083 2050 2127 19)
2081 2085 2119 2117 et
2150 2093 2195 2118 ex
2225 2082 2296 2117 hoc

367 2142 492 2188 potius
517 2154 630 2186 quam
655 2153 699 2176 ex
724 2141 791 2176 illo
816 2141 853 2176 in
879 2141 1000 2187 legem
1027 2153 1109 2176 eam
1133 2141 1319 2176 translata
1344 2143 1400 2176 est
1426 2141 1485 2184 (cf,
1511 2140 1652 2175 Merkel
1679 2139 1718 2174 in
1743 2140 1857 2185 praef.
1884 2139 2123 2175 MG.LL.111
2151 2152 2186 2185 p.
2203 2140 2297 2183 214).

367 2200 575 2242 Praeterea,
594 2202 635 2234 ut
653 2211 748 2243 quae
766 2199 810 2235 de
828 2199 974 2245 legibus
992 2198 1050 2233 his
1067 2199 1126 2233 his
1144 2199 1300 2234 dicenda
1318 2202 1403 2234 sunt
1420 2210 1492 2234 uno
1510 2198 1592 2233 loco
1611 2198 1913 2243 complectamur,
1931 2197 2154 2233 recentiores
2170 2209 2296 2233 earum

367 2257 591 2292 breviarium
609 2256 863 2291 Alaricianum
882 2255 1143 2297 adhibuerunt,
1166 2256 1321 2291 fortasse
1339 2255 1644 2302 Langobardicae
1656 2257 1692 2299 ἱ),
1719 2257 1819 2290 certo
1837 2254 2095 2290 additamenta
2111 2254 2160 2289 ad
2175 2255 2298 2301 legem

368 2314 530 2350 Salicam
555 2326 584 2350 c.
605 2315 657 2356 13,
684 2314 750 2349 ubi
774 2325 870 2358 quae
894 2314 1070 2359 leguntur
1095 2314 1139 2349 de
1164 2313 1411 2349 matrimoniis
1437 2313 1576 2355 vetitis,
1604 2313 1760 2347 veniunt
1784 2324 1828 2348 ex
1853 2312 2164 2358 interpretatione
2179 2312 2299 2348 Alari-

369 2372 477 2407 ciana
503 2371 682 2417 (Loening
710 2371 904 2406 Gesclzichte
927 2371 985 2405 cles
1011 2371 1281 2405 Kirchemechts
1305 2372 1336 2413 2,
1351 2372 1445 2415 552).
1494 2370 1565 2406 Sed
1595 2371 1688 2405 haec
1719 2369 1929 2414 similiaque
1958 2381 2026 2415 per
2053 2381 2092 2406 se
2124 2381 2300 2406 memora-

368 2429 462 2464 bilia
487 2441 559 2464 non
582 2429 725 2464 faciunt
751 2429 798 2464 ad
816 2428 1115 2464 constituendum
1140 2431 1284 2464 textum
1309 2440 1353 2464 ne
1378 2427 1700 2473 interpretationis
1718 2426 1869 2472 quidem
1886 2426 2124 2463 Alaricianae
2149 2426 2300 2462 aliunde

370 2486 460 2522 satis
486 2486 708 2522 stabilitum.
729 2486 890 2521 —Idem
915 2486 1079 2521 dicemus
1105 2487 1148 2521 de
1173 2486 1340 2521 formulis
1365 2485 1578 2530 chartisque
1596 2484 1816 2531 praesertim
1834 2484 1989 2520 Gallicis
1998 2498 2006 2526 ;
2031 2485 2174 2521 habent
2191 2496 2300 2529 quac-

371 2545 456 2579 dam
482 2547 630 2589 sumpta
656 2556 700 2579 ex
726 2544 1054 2579 constitutionibus
1087 2544 1126 2578 in
1150 2543 1377 2579 breviarium
1406 2542 1569 2588 receptis
1601 2546 1638 2579 et
1663 2543 1785 2589 magis
1816 2543 1931 2579 etiam
1964 2555 2008 2578 ex
2033 2554 2160 2578 earum
2189 2541 2300 2578 inter-

371 2601 646 2647 pretationibus
680 2601 731 2645 (id
761 2602 860 2646 quod
895 2601 939 2637 de
972 2601 1140 2637 formulis
1171 2601 1445 2637 Turonensibus
1476 2600 1745 2637 demonstravit
1779 2601 1931 2637 Zeumer
1960 2600 2043 2636 MG.
2073 2599 2253 2636 formulae
2280 2601 2297 2635 1

372 2671 406 2704 p.
427 2659 523 2703 130),
559 2659 622 2694 sed
653 2670 835 2703 nusquam
866 2658 950 2693 inde
976 2659 1105 2694 adlata
1129 2659 1222 2700 vidi,
1254 2671 1349 2703 quae
1375 2659 1603 2694 adscendant
1628 2659 1675 2694 ad
1701 2658 2003 2695 Theodosianum
2033 2657 2231 2703 integrum.
2257 2676 2302 2682 —-

371 2717 503 2761 Itaque
536 2716 690 2760 reliquis
722 2716 834 2750 huius
861 2716 1010 2762 generis
1040 2715 1271 2752 documentis
1304 2716 1574 2762 praetermissis
1605 2716 1841 2752 attendemus
1875 2716 1924 2751 ad
1953 2715 2051 2750 solas
2081 2714 2184 2760 leges
2206 2713 2301 2749 Visi-

373 2773 545 2819 gothicas
570 2772 798 2817 antiquiores
823 2775 861 2807 et
887 2773 1191 2818 Burgundionum
1217 2776 1254 2809 et
1280 2773 1621 2809 Theodericianam.

492 2830 553 2864 VI.
589 2830 706 2875 Leges
730 2842 859 2875 regum
880 2829 1162 2876 Visigothorum
1187 2830 1321 2866 Gothis
1346 2830 1433 2866 solis
1459 2831 1678 2871 destinatae,
1705 2842 1800 2875 quae
1824 2832 1925 2865 recte
1951 2831 1993 2864 ut
2019 2829 2167 2865 videtur
2190 2828 2302 2865 hodie

373 2888 588 2922 tribuuntur
605 2887 683 2932 regi
699 2887 831 2922 Eurico
850 2887 1062 2930 (466—48-5:
1089 2887 1173 2922 vide
1192 2899 1303 2933 supra
1328 2900 1363 2933 p.
1379 2888 1561 2933 XXXVI),
1586 2891 1768 2932 quatenus
1793 2890 1989 2933 supersunt
2013 2887 2156 2922 habent
2174 2886 2303 2932 capita

374 2944 556 2989 quaedam
574 2944 745 2979 derivata
762 2956 805 2980 ex
823 2944 901 2980 iure
915 2945 1092 2987 Romano,
1111 2945 1227 2981 etiam
1243 2957 1287 2981 ex
1301 2945 1558 2981 Theodosiano
1571 2945 1735 2989 (Zeumer
1751 2955 1854 2979 nezaes
1866 2945 2000 2979 Archiv
2015 2944 2059 2980 23
2077 2956 2113 2990 p.
2124 2944 2192 2980 431
2201 2945 2301 2989 seq.).

374 3002 431 3036 Ad
449 3001 798 3047 interpretationem
815 3002 1069 3038 Alaricianam
1089 3003 1156 3037 Th.
1168 3003 1199 3044 2,
1212 3002 1266 3045 33,
1279 3004 1300 3038 2
1317 3003 1388 3038 etsi
1406 3015 1435 3037 c.
1447 3002 1514 3038 285
1533 3014 1648 3047 prope
1666 3002 1821 3043 accedit,
1840 3005 1966 3037 tamen
1984 3013 2058 3037 non
2075 3001 2161 3038 inde
2179 3000 2302 3037 viden-

375 3062 436 3093 tur
466 3058 648 3103 proficisci
682 3070 777 3103 quae
802 3059 856 3094 ibi
887 3060 1077 3105 leguntur,
1111 3061 1175 3095 sed
1205 3060 1396 3095 tralaticia
1421 3071 1498 3095 esse
1524 3061 1560 3094 et
1593 3059 1672 3094 eius
1701 3058 1785 3095 aevi
1817 3058 1908 3094 iuris
1938 3058 2071 3104 peritis
2095 3057 2303 3094 communia

378 3116 437 3158 (cf.
464 3116 614 3151 Zeumer
643 3116 666 3150 1.
691 3128 720 3151 c.
752 3129 787 3162 p.
811 3117 905 3159 444).
961 3117 990 3151 Ε
1023 3117 1207 3152 contrario
1243 3129 1375 3163 corpus
1409 3118 1533 3163 legum
1570 3116 1712 3152 editum
1746 3128 1768 3151 a
1799 3115 2049 3152 Recessuindo
2080 3115 2304 3160 (649—672)

379 3172 606 3207 destinatum
631 3176 708 3209 tam
726 3173 859 3208 Gothis
885 3185 995 3218 quam
1022 3174 1196 3209 Romanis
1221 3174 1349 3219 aliqua
1375 3174 1501 3219 capita
1526 3173 1642 3208 habet
1667 3177 1796 3219 aperte
1822 3174 1990 3219 profecta
2015 3185 2059 3209 ex
2085 3172 2303 3218 compendio

377 3230 629 3265 Theodosiani
646 3230 871 3273 Alariciano‚
898 3231 994 3267 inter
1011 3243 1106 3276 quae
1131 3232 1269 3268 eminet
1294 3235 1408 3277 caput
1424 3233 1498 3274 5,5‚
1510 3231 1531 3266 9
1549 3231 1596 3266 ad
1617 3231 1767 3266 verbum
1784 3230 2010 3276 descriptum
2027 3241 2071 3266 ex
2089 3229 2157 3265 Th.
2170 3228 2269 3273 2,·33,
2284 3230 2301 3264 1

502 3346 526 3389 ¹)
553 3348 793 3387 Quaestionem
820 3360 928 3392 nuper
954 3349 1050 3384 docte
1075 3351 1235 3383 tractavit
1260 3351 1395 3384 I'atetta
1420 3349 1571 3383 archivio
1593 3349 1762 3392 qiuridico
1787 3349 1853 3382 vol.
1872 3347 1915 3382 47
1942 3347 2062 3391 (1891)
2088 3359 2120 3391 p.
2137 3345 2159 3379 8
2175 3358 2246 3391 seq.
