2501 3615
942 177 985 181 —-
1034 156 1166 191 XCVII
1217 175 1257 181 —-

254 261 442 297 Parisinus
466 261 594 296 4403A
621 272 714 296 saec.
732 261 779 295 lx
811 261 965 300 (Huenel
993 262 1036 295 25
1065 277 1106 291 =
1132 261 1191 299 26;
1229 258 1433 305 specimina
1458 258 1665 303 scripturae
1698 258 1769 294 tria
1797 258 1899 293 dedit
1923 259 2060 294 Delisle

136 321 208 355 cub.
241 320 299 354 des
330 330 411 353 mus.
444 319 520 354 tab.
542 319 615 361 19),
651 321 762 353 antea.
785 318 945 353 ‘Claudii
973 317 1152 358 Puto-uns,
1187 317 1323 363 passini
1354 317 1528 352 laudatur
1560 328 1582 351 a
1613 316 1839 352 Gothofredo
1871 319 2061 361 tamquam

135 378 313 413 ‘Anianus
340 375 518 412 Puteani'.
570 376 690 411 Codex
717 389 759 411 co
787 376 930 411 nominc.
957 389 979 410 a
1004 376 1280 410 decurtatorum
1307 375 1422 410 fornia
1447 374 1560 411 solita
1585 374 1763 413 discedit,
1797 374 1894 418 quod
1920 387 1942 409 a
1967 387 2060 410 nono

139 436 223 472 inde
250 436 344 471 libro
370 448 480 481 saepe
507 435 791 471 constitutiones
820 435 995 481 proponit
1021 434 1195 481 integras.
1245 434 1544 480 Subscriptiones
1569 434 1769 480 pleraeque
1795 434 1939 469 desunt.

253 562 441 597 Parisinus
467 563 557 597 4408
582 575 677 597 saec.
701 563 745 596 lx
767 562 921 604 (Haencl
940 563 984 596 27
1003 578 1043 591 =
1063 564 1133 603 29).
1184 562 1373 597 Brevizwio
1400 564 1484 608 post
1508 561 1782 598 Auctoritatem
1800 560 1939 596 Alarici
1961 572 2062 606 prae-

138 619 312 655 scribitur
347 620 523 664 incipiunt
553 620 651 654 tituli
682 620 795 664 Icyum
827 630 870 653 ca:
901 629 1045 662 corpore
1086 618 1324 653 Theodosium¹
1355 619 1547 662 explanati.
1598 619 1718 664 Supra
1745 617 1904 653 vidimus
1929 617 2061 653 consti-

138 677 323 712 tutionum
349 678 473 716 2.7.1.
493 680 522 715 2,
551 690 642 722 quas
668 690 710 712 ex
738 676 857 722 plenis
884 676 997 712 habet
1024 689 1116 711 unus
1143 676 1255 712 codex
1277 676 1316 712 O.
1346 676 1407 711 hic.
1433 677 1559 711 adesse
1587 675 1923 721 interpretationes,
1974 675 2063 710 Con-

138 734 419 770 t-amiuationem
447 734 570 780 prodit
598 734 823 779 subscriptio
849 735 880 775 5,
897 735 961 775 1,9
992 733 1110 768 Tam-0
1135 737 1165 768 et
1191 733 1308 768 Felice
1332 744 1423 768 cons.
1449 737 1478 768 et
1503 734 1565 778 qui
1589 734 1700 777 fuerit
1724 733 1929 768 mmtiatnvs.

253 860 443 896 Parisinus
467 861 558 897 4409
590 874 683 897 saec.
705 861 733 895 X
769 861 897 904 (antea
926 860 1011 895 1097
1045 860 1201 906 Rigault.
1232 879 1275 885 —
1312 860 1398 895 1197
1430 860 1564 906 Dupuy
1599 882 1640 885 —
1673 861 1762 906 Reg.
1781 861 1890 901 5184;
1922 859 2062 895 Haenel

137 918 181 954 28
208 934 249 948 =
275 918 319 953 38
344 921 380 954 et
407 920 483 963 46);
510 919 664 955 eundem
691 918 825 953 librum
851 917 918 952 sub
946 930 977 951 n.
1001 918 1088 952 1097
1113 917 1270 952 laudant
1295 916 1506 952 Sir-mondus
1533 919 1567 953 et
1595 918 1858 959 Gothofredus,
1885 919 1926 952 ut
1951 929 2063 962 supra

137 989 171 1021 p.
187 975 344 1011 XXXIV
363 976 598 1022 exposuimus
615 976 766 1012 edentes
782 974 1092 1020 subscriptionem
1112 974 1373 1010 Alaricianam.
1416 975 1567 1010 Praeter
1585 974 1660 1010 alia
1684 975 1792 1020 plura
1818 974 1869 1016 (in
1894 973 1953 1009 his
1979 976 2065 1009 sunt

137 1033 316 1069 formulae
342 1033 581 1074 Turonenses,
609 1033 652 1068 do
677 1032 811 1077 quibus
837 1031 932 1067 dixit
958 1032 1107 1067 Zeumer
1132 1032 1214 1066 MG.
1240 1033 1342 1067 form.
1371 1044 1403 1077 p.
1423 1032 1502 1074 131)
1530 1031 1790 1077 epitomenque
1816 1031 2063 1078 Aegidianam

137 1093 235 1132 (cum
269 1090 505 1126 Auctoritate
540 1090 695 1133 Alarici)
730 1090 825 1125 infra
859 1090 1215 1126 commemorandam
1252 1089 1481 1126 Brevia-rium
1516 1089 1654 1135 legitur
1687 1090 1709 1123 f.
1739 1090 1901 1124 10-120
1935 1089 2062 1124 eadem

136 1149 270 1189 forma,
297 1160 371 1193 qua
401 1147 440 1182 id
471 1147 648 1183 exhibent
679 1147 823 1183 codices
850 1148 921 1182 duo
945 1147 1140 1183 Beruensis
1166 1150 1204 1182 et
1226 1147 1431 1183 Vaticanus
1456 1147 1606 1193 reginae
1634 1147 1738 1188 1048,
1764 1149 1994 1192 quapropter
2019 1146 2063 1181 de

136 1204 195 1240 his
228 1205 346 1240 tribus
376 1204 482 1240 libris
512 1203 621 1240 simul
648 1217 883 1250 exponemus.
936 1204 1032 1240 Ante
1065 1204 1232 1240 rubricas
1262 1207 1318 1240 est
1351 1204 1388 1239 in
1414 1204 1533 1240 tribus
1558 1203 1663 1239 libris
1694 1204 1875 1248 incipiunt
1905 1204 2065 1248 capitula

135 1261 178 1296 de
203 1261 291 1297 hbro
315 1262 428 1307 lequm
452 1261 697 1307 similiterque
723 1264 809 1307 post
833 1261 1014 1303 rubricas;
1047 1265 1133 1298 ante
1158 1261 1383 1298 breviarium
1409 1264 1465 1297 est
1495 1261 1532 1296 in
1559 1261 1725 1296 Parisino
1751 1261 1829 1296 solo
1856 1260 1987 1305 incipit
2011 1261 2065 1295 lesc

138 1319 324 1363 Romana,
351 1319 482 1356 deinde
507 1319 544 1355 in
570 1319 688 1355 tribus
714 1319 820 1355 libris
844 1319 885 1353 in
909 1319 972 1354 hoc
996 1330 1140 1364 corpore
1163 1319 1388 1354 continentur
1413 1319 1493 1354 libo-2·
1518 1320 1633 1364 leymn
1660 1318 1922 1353 Romanormn:
1955 1317 2063 1351 Theo·

134 1376 275 1412 dosiani
297 1377 380 1412 libri
399 1377 509 1420 XVI,
536 1377 749 1412 novellarum
773 1377 830 1411 lib.
854 1377 890 1419 V,
921 1376 994 1412 Gai
1017 1377 1074 1411 lib.
1094 1377 1124 1419 I,
1151 1376 1261 1411 Pauli
1286 1377 1343 1412 lib.
1367 1376 1404 1419 V,
1435 1375 1648 1420 Greyoricmi
1673 1379 1704 1410 et
1728 1374 2007 1420 Hermo-qen'iani
2031 1377 2064 1408 et

136 1434 297 1478 Papiam:
320 1434 400 1469 libri
423 1435 568 1480 sinyuli.
611 1434 866 1471 Theodosiano
885 1433 1152 1479 praescribitur
1175 1426 1274 1478 inoff)
1298 1426 1413 1480 ῖερῖηι
1438 1433 1674 1469 Theodosium
1692 1433 1747 1468 leh.
1761 1433 1793 1476 I,
1819 1431 2064 1467 subscribitur

135 1492 329 1536 expliciunt
361 1492 443 1527 libri
474 1491 710 1527 Theodosium
743 1502 928 1527 nzunemm
955 1491 1064 1527 XVI.
1120 1491 1369 1533 Breviarium,
1404 1491 1462 1527 cui
1497 1491 1756 1527 subscribitur:
1792 1482 1880 1534 (ζωῇ
1904 1489 2064 1534 Papiam

135 1549 307 1593 (paaiani
321 1550 429 1585 Bern.
448 1547 544 1592 Vat.)
565 1549 690 1584 titulus
715 1549 758 1584 de
777 1550 894 1593 pactis
920 1549 1015 1584 intra
1042 1550 1151 1584 virum
1177 1552 1208 1584 et
1230 1560 1386 1592 umorem,
1412 1552 1617 1594 sequuntur
1634 1549 1792 1584 formula
1810 1546 2008 1583 edictionis
2025 1548 2063 1581 et

136 1606 246 1643 index
270 1619 400 1654 regum
425 1607 666 1648 Francorum,
693 1619 787 1651 quae
813 1607 1030 1648 subicimus,
1065 1619 1148 1642 cum
1174 1606 1315 1642 faciant
1342 1607 1389 1642 ad
1415 1606 1592 1642 librorum
1617 1606 1830 1652 parentelas
1855 1608 1894 1641 et
1918 1606 2062 1640 aetates

135 1664 445 1702 determinandas.
473 1685 514 1689 —
540 1664 712 1699 Formula
738 1664 856 1709 (edita
881 1665 983 1710 apud
1006 1664 1220 1700 Zeumerum
1246 1665 1327 1700 MG.
1346 1665 1448 1700 form.
1467 1677 1501 1710 p.
1520 1664 1601 1707 536)
1628 1665 1720 1700 haec
1745 1666 1817 1700 est:

230 1757 371 1803 Incipit
395 1757 544 1793 edictio.
593 1759 683 1793 Cum
714 1757 752 1792 in
783 1758 863 1801 (om.
891 1757 969 1793 Vat.
995 1770 1038 1793 m.
1056 1758 1091 1803 1)
1118 1757 1331 1803 praesentia
1356 1757 1512 1792 inluster
1583 1772 1650 1775 —

231 1815 288 1850 vir
310 1815 473 1860 (inlustri
499 1815 579 1851 uiro
597 1816 698 1860 Par.)
722 1815 786 1851 ille
811 1815 877 1851 illo
903 1815 1088 1859 mallavit,
1115 1816 1179 1851 sed
1204 1815 1262 1850 illi
1281 1816 1333 1859 (et
1349 1816 1416 1850 ins.
1433 1815 1511 1849 Vat.
1737 1825 1795 1848 ΤΗ.
1813 1814 1843 1857 9,
1863 1813 1891 1854 1,
1907 1814 1927 1847 9

229 1884 271 1907 m.
290 1875 324 1917 2)
346 1872 476 1918 petiet‚
503 1875 544 1908 ut
561 1873 739 1908 scriberet
757 1873 855 1917 quod
880 1872 1018 1918 petivit
1042 1872 1195 1918 (petibit
1212 1873 1336 1917 Rern.)
1362 1872 1513 1908 inritica·
1607 1885 1674 1906 non
1709 1874 1803 1915 prius
1836 1884 2041 1916 quemquam

230 1929 403 1972 (inretica
426 1929 503 1964 Vat.
530 1941 571 1964 m.
589 1932 623 1974 2)
642 1929 885 1976 imperatores
903 1932 1101 1966 sanxerunt
1120 1931 1279 1972 decreta,
1305 1932 1347 1966 ut
1365 1929 1416 1973 (in
1434 1930 1511 1964 Vat.
1607 1920 1782 1972 Sinqffl'stas
1807 1924 1866 1952 tua
1894 1920 1934 1974 ³51
1960 1926 2041 1973 tua?

228 1998 271 2021 m.
291 1988 324 2031 1)
355 1987 480 2023 nullus
516 1999 538 2022 a
575 1987 714 2023 iudicio
753 1987 939 2033 suscipere
978 1987 1175 2033 precurrifi,
1212 1989 1413 2032 antequam
1445 1987 1512 2022 sol-
1608 1966 1696 2044 ⁵333
1723 1977 1877 2019 flumen
1910 1966 2041 2044 ¹ufieb¹f

229 2044 367 2080 lemnia
391 2044 615 2091 patefecerit
639 2045 716 2090 [scr.
743 2044 992 2089 satisfecerit],
1029 2047 1070 2080 ut
1099 2044 1158 2079 his
1192 2044 1256 2090 qui
1281 2045 1390 2080 fidem
1415 2044 1513 2080 datis
1577 2027 1581 2084 f
1606 2022 1943 2091 Ξῑῂέἒιδὸῗὲῗζὲθΐῗὲ
1973 2023 2025 2044 em

229 2104 272 2138 ut
295 2114 363 2138 nec
389 2102 528 2139 obiecti
554 2105 639 2138 sunt
665 2102 905 2148 preomaticis
933 2102 1189 2148 [preumaticis
1217 2103 1304 2146 Vat„
1322 2113 1385 2137 scr.
1405 2114 1512 2148 prag-

225 2159 391 2205 maticis]
417 2159 591 2196 dict-ionis
615 2160 674 2196 lex
700 2172 820 2206 poena
845 2159 1025 2196 succurrit
1051 2160 1200 2196 edictio.
1251 2161 1291 2195 In
1316 2172 1427 2205 quam
1454 2161 1500 2196 ob
1526 2172 1602 2195 rem
1628 2159 1763 2205 petitio
1791 2160 1867 2205 [scr.
1894 2160 1996 2205 peto]
2024 2158 2062 2193 in

224 2219 427 2264 conspectu
450 2217 726 2264 magnitudinis
753 2217 878 2260 vestri,
904 2221 947 2253 ut
974 2219 1082 2254 homo
1109 2230 1240 2253 nomen
1266 2217 1325 2252 illi
1343 2219 1399 2253 est
1426 2217 1501 2263 [scr.
1528 2217 1591 2253 ille
1617 2217 1685 2262 res]
1712 2217 1797 2252 illas
1815 2219 1899 2262 post
1917 2228 1954 2252 se
1971 2216 2062 2251 mali

227 2274 353 2311 ordine
378 2287 646 2321 preoccupasse
673 2275 968 2321 (preoccupassit
991 2276 1120 2311 Berm:
1148 2275 1240 2318 Vat.)
1267 2275 1473 2311 dinoscitur
1498 2275 1724 2318 (denoscitur
1749 2275 1890 2317 Rern),
1925 2275 1967 2309 ut
1991 2273 2061 2308 hoc

225 2335 350 2368 vestra
375 2332 576 2377 prudentia
601 2332 787 2378 integrum
821 2334 858 2367 et
889 2333 1025 2379 legalis
1056 2332 1243 2368 sententia
1277 2333 1413 2369 debeat
1445 2333 1621 2375 (debeant
1647 2333 1754 2366 Bern.
1777 2331 1867 2375 Vat.)
1899 2330 2060 2371 definire,

227 2401 271 2426 ea
296 2401 382 2426 vero
414 2389 561 2426 scilicet
588 2389 735 2426 ratione
761 2389 878 2433 (racio
905 2391 1031 2433 Rern„
1066 2390 1154 2425 Par.
1180 2403 1223 2425 m.
1243 2397 1271 2434 1,
1297 2391 1375 2425 Vat.
1402 2402 1445 2425 m.
1463 2393 1493 2435 1)
1519 2393 1571 2431 ut,
1597 2389 1628 2424 si
1654 2391 1707 2433 (se
1732 2389 1838 2424 Bern.
1863 2389 1942 2423 Vat.
1965 2400 2008 2423 m.
2029 2389 2060 2431 1)

226 2447 266 2482 in
290 2446 536 2482 constitutum
560 2447 744 2492 placitum
768 2460 826 2483 res
850 2447 936 2483 illas
962 2448 1055 2483 mihi
1081 2448 1283 2484 iustissime
1310 2448 1456 2485 debitas
1491 2448 1698 2493 adprobare
1723 2459 1796 2482 non
1821 2449 1993 2492 potuero,
2019 2448 2061 2480 ut

226 2505 287 2540 lex
316 2505 504 2540 mundana
534 2505 767 2542 Teodosiano
799 2518 950 2551 corpore
982 2506 1185 2542 arbitratus
1211 2506 1398 2549 disternit‚
1424 2520 1482 2542 me
1508 2507 1748 2552 impleturum
1778 2517 1856 2542 esse
1880 2504 2062 2550 polliceor

226 2561 398 2608 (policior
414 2562 535 2606 Rern„
551 2562 725 2608 pollicior
745 2563 839 2607 Vah.)
859 2564 948 2599 data
965 2564 1151 2600 edictione
1169 2564 1213 2600 de
1232 2564 1538 2610 inscriptionibus
1556 2563 1835 2599 accusatoribus
1852 2564 2061 2598 recrescant

227 2619 456 2655 Teodosiano
481 2631 576 2655 nono
601 2619 639 2654 in
665 2620 720 2656 ira
738 2621 797 2665 (=
816 2632 910 2665 aera,
934 2622 1062 2667 capite)
1088 2622 1218 2668 prima.

134 2711 299 2747 Iudicem
323 2723 453 2757 regum
476 2711 700 2747 Francorum
726 2724 748 2747 a
774 2713 1003 2749 Theoderico
1028 2715 1083 2749 III
1109 2714 1156 2750 ad
1183 2714 1386 2760 Pippinum
1411 2714 1589 2750 exhibent
1614 2715 1688 2749 tres
1713 2712 1801 2749 libri
1826 2712 2009 2747 simillimi
2034 2711 2060 2746 ii

134 2769 179 2804 de
204 2768 339 2814 quibus
371 2768 532 2815 agimus,
562 2769 752 2805 Parisinus
776 2771 867 2807 4409
893 2774 931 2807 et
955 2772 1150 2808 Bernensis
1181 2774 1219 2807 et
1245 2772 1451 2808 Vaticanus
1474 2771 1626 2817 reginae
1654 2772 1742 2807 1048
1767 2772 1853 2815 (non
1881 2770 1984 2811 1050,
2019 2771 2061 2804 ut

134 2837 247 2872 supra
272 2838 307 2872 p.
325 2825 465 2860 XXXV
490 2825 631 2872 legitur
655 2838 774 2864 errore
799 2829 895 2874 meo)
922 2832 960 2864 et
984 2832 1180 2873 praeterea
1211 2841 1254 2865 ex
1280 2829 1401 2875 plenis
1431 2829 1537 2864 libris
1555 2828 1761 2864 Vaticanus
1787 2825 2060 2862 Ottobonianus

133 2883 224 2919 2225
249 2884 300 2928 (p.
317 2883 496 2926 LXXXI).
544 2883 751 2920 Ediderunt
776 2897 859 2920 eum
885 2885 1065 2921 Chesnius
1090 2886 1231 2932 (script.
1249 2887 1376 2922 Franc.
1403 2889 1490 2922 tom.
1511 2887 1527 2920 1
1555 2898 1587 2920 a.
1609 2886 1696 2921 1636
1722 2898 1756 2930 p.
1776 2885 1857 2928 781)
1881 2884 1939 2918 ‘ex
1964 2883 2059 2918 libro

135 2939 306 2976 coenobii
331 2940 453 2976 sancti
478 2941 640 2987 Remigii
658 2941 862 2978 Remensis'
885 2945 923 2978 et
948 2943 1115 2978 Pertzius
1133 2944 1278 2987 (Archiv
1304 2945 1334 2986 7,
1351 2944 1432 2984 744;
1459 2943 1541 2978 MG.
1560 2943 1618 2978 SS.
1639 2944 1669 2983 2,
1688 2942 1770 2986 308)
1797 2943 1835 2977 et
1859 2939 2060 2976 Haenelius

132 2999 246 3042 (brev.
272 3010 308 3044 p.
326 2997 457 3034 LXXI.
482 2998 641 3043 LXXII).
693 2999 804 3035 Index
830 2999 891 3035 hic
916 3003 989 3036 est:

547 3078 772 3114 Teodoricus
796 3091 858 3114 rex
884 3079 1057 3125 regnavit
1082 3080 1188 3115 XVII
1213 3091 1327 3116 annos

548 3135 804 3172 Chlodovaeus
830 3148 892 3172 rex
918 3136 1090 3183 regnavit
1115 3138 1168 3171 III
1195 3149 1310 3173 annos

548 3192 787 3230 Hildebertus
811 3205 873 3229 rex
898 3193 1071 3240 regnavit
1097 3194 1214 3239 [XVII
1241 3207 1355 3230 annos

546 3251 781 3297 Dagobertus
805 3263 867 3287 rex
891 3251 1065 3297 regnavit
1090 3252 1122 3285 V
1148 3264 1262 3287 annos

547 3308 761 3353 Hilpericus
784 3321 846 3344 rex
871 3308 1057 3355 regnavit]
1083 3309 1117 3344 V
1141 3321 1255 3345 annos

549 3366 666 3411 it(em)
691 3366 916 3403 Teodoricus
941 3379 1003 3403 rex
1029 3367 1202 3413 regnavit
1227 3367 1332 3403 XVII
1359 3380 1473 3404 annos
