2501 3615
1039 118 1303 159 —XOI—

0 229 263 279 ngorediensis
281 230 326 264 35
343 244 385 258 =
400 227 440 264 E
458 229 553 272 (cum
576 228 580 280 Ι
702 225 870 262 Parisina
896 228 1057 273 epitome
1173 228 1177 270 Ι
1199 224 1743 272 BerolinensisPhillipps.1741
1767 225 1771 270 Ι
1900 226 2118 263 Oxoniensis
2143 244 2185 257 =
2209 227 2238 263 O

0 297 2 324 Ι
26 291 226 333 Rosnyano
252 289 290 322 et
313 287 427 322 Paris.
441 287 532 321 4406
577 286 580 327 Ι
773 285 850 321 cod.
872 285 982 320 10753
1199 299 1241 314 =
1263 284 1294 318 Y
1321 286 1417 327 (cum
1436 283 1520 319 vat.
1547 295 1622 329 reg.
1643 284 1745 327 1283)

0 337 1 342 ¹
211 361 255 375 =
272 345 351 389 ¹⁵13)
1199 340 1747 386 etParisinusSangerm.12445

1422 414 1464 428 =
1491 399 1528 433 1)

9 471 72 522 [11
99 471 145 506 de
170 471 363 516 religione]
604 469 635 504 X
668 469 713 504 de
738 469 918 514 religione
1202 468 1233 501 X
1264 467 1308 502 dc
1333 467 1513 513 religione
1796 467 1866 502 XII
1900 467 1944 502 de
1971 467 2026 502 his
2045 468 2108 512 qui
2127 468 2233 502 famis
2252 470 2342 503 teni·

77 530 131 573 16,
145 529 198 571 11,
214 530 303 564 1-3
675 525 872 570 16,11,[1].
891 526 912 559 3
1271 525 1466 570 16,11,[1].
1484 526 1515 560 2.
1534 526 1555 560 3
1842 535 1929 570 pore
1956 525 2102 560 collecti
2128 527 2213 559 sunt

11 582 73 634 §11
103 585 150 620 de
173 585 355 630 apostatis
605 583 654 617 XI
687 583 731 617 de
759 582 961 628 episcopali
988 581 1125 617 iudicio
1201 581 1252 616 XI
1285 581 1329 616 de
1355 582 1556 626 episcopali
1583 581 1721 617 iudicio
1865 582 2012 617 8111115

27 690 32 693 .
78 643 131 684 16,
146 643 178 687 7,
193 642 240 688 [3]
674 640 778 674 Sirm.
800 641 816 674 1
1270 638 1375 673 Sirm.
1397 640 1426 673 1.
1444 640 1475 673 2.
1494 640 1515 673 3
1797 640 1885 675 XIII
1911 639 1956 674 de
1974 639 2030 673 his
2045 639 2108 684 qui
2129 651 2192 684 pro
2210 639 2344 683 pasche

13 695 95 747 m
128 699 173 735 de
198 699 344 734 Iudaeis
372 699 556 735 caelicolis
605 697 745 742 Explic.
759 697 803 731 de
822 708 971 742 corpore
983 695 1152 731 Theudo-
1202 696 1269 730 XII
1302 695 1346 730 de
1372 695 1518 730 Iudaeis
1843 697 1888 732 cle
1913 696 2119 732 carceribus
2138 696 2346 731 liberantur

52 756 278 793 Samaritani
652 755 746 790 siani
772 754 907 790 codicis
936 753 1021 788 libri
1047 753 1129 788 XVI
1270 752 1376 787 Sirm.
1392 753 1415 787 4
1865 754 1971 791 Sirm.
1989 756 2008 789 7

77 814 131 859 16,
144 814 176 858 8,
190 813 250 860 [51.
269 814 316 859 [7]
1202 809 1290 844 XIII
1317 809 1361 844 de
1378 809 1435 844 his
1454 809 1517 854 qui
1534 810 1643 844 famis
1661 811 1750 844 tem-
1797 811 1904 847 XIIII
1938 813 1982 847 de
2009 812 2191 857 religione

15 868 114 912 {1111
130 881 177 906 ne
189 871 439 907 Christianum
457 882 557 906 man·
606 869 650 904 de
698 868 948 904 sacerdotibus
992 868 1154 903 innoxiis
1247 878 1335 912 pore
1353 868 1439 901 sunt
1457 867 1601 903 collecti
1615 868 1715 910 (ante
1729 868 1749 902 6
1868 871 1919 912 16,
1936 871 1989 912 11,
2004 869 2064 914 [1].
2083 870 2114 904 2.
2134 870 2155 905 3

53 929 193 976 cipium
218 928 378 964 Iudaeus
402 928 541 964 habeat
652 928 689 961 et
707 926 751 961 de
769 926 944 971 inquietis
963 927 1076 970 atque
1093 925 1154 959 de·
1246 924 1376 967 Berol.)

77 988 132 1029 16,
146 986 178 1028 9,
194 986 254 1031 [1].
273 985 321 1031 [4]
336 988 363 1030 ¹)
650 984 757 1019 iectis
1271 981 1375 1016 Sirm.
1393 982 1425 1016 5.
1443 982 1464 1016 6

17 1039 44 1083 K
73 1044 119 1079 de
142 1043 324 1088 religione
674 1041 780 1076 Sirm.
799 1041 821 1075 ‘2
1203 1039 1308 1073 XIIII
1342 1038 1386 1073 de
1412 1037 1469 1072 his
1495 1037 1558 1081 qui
1588 1048 1654 1082 pro
1687 1048 1751 1082 pa-

63 1102 133 1143 -16,
147 1102 203 1145 11,
218 1100 278 1145 [1].
299 1101 346 1146 [3]
361 1102 387 1143 ¹)
604 1098 648 1133 de
673 1098 731 1133 his
751 1098 815 1142 qui
842 1099 1007 1144 ternpore
1031 1109 1152 1133 neces·
1249 1096 1363 1131 schali
1384 1094 1593 1130 festiuitate
1611 1094 1656 1128 de
1675 1106 1752 1129 car-

55 1158 102 1193 de
125 1158 329 1203 episcopali
354 1157 492 1193 iudicio
650 1155 773 1190 sitatis
800 1155 944 1190 collecti
970 1157 1058 1191 sunt
1250 1163 1330 1187 cere
1356 1152 1564 1187 educuntur

77 1215 182 1250 Sirm.
202 1217 232 1250 1.
249 1216 282 1250 2.
298 1215 320 1250 3
673 1212 779 1248 Sirm.
797 1214 818 1249 5
1273 1209 1379 1245 Sirm.
1399 1210 1418 1244 7

604 1272 648 1305 ut
678 1272 826 1315 praeter
855 1269 1020 1314 quinque
1054 1268 1152 1313 capi-

652 1328 746 1363 talia
771 1327 928 1363 crimina

676 1384 783 1419 Sirm.
801 1385 822 1420 3
1177 1372 1181 1427 Ι
1774 1370 1779 1427 Ι

332 1463 625 1500 Constitutiones
661 1463 699 1498 in
735 1463 920 1499 breviario
959 1463 1112 1499 omissas
1145 1461 1405 1508 Eporediensis
1441 1473 1565 1496 omnes
1603 1461 1781 1503 inseruit,
1817 1463 1880 1498 sed
1911 1462 1982 1503 ita,
2021 1464 2063 1497 ut
2097 1463 2142 1497 ad

214 1522 439 1558 breviarium
470 1522 576 1557 daret
606 1521 794 1557 rubricam
828 1521 1002 1567 primam,
1038 1521 1141 1566 pleni
1176 1522 1302 1555 textus
1332 1519 1490 1565 primam
1522 1519 1561 1554 in
1585 1519 1768 1554 breviario
1800 1519 1974 1555 omissam
2005 1519 2145 1554 faceret

215 1581 424 1623 secundam,
450 1592 620 1616 numeros
637 1580 792 1615 duorum
810 1582 979 1615 textuum
999 1579 1162 1615 diversos
1183 1578 1238 1614 ita
1256 1577 1483 1619 conciliaret,
1509 1580 1552 1612 ut
1575 1576 1781 1622 suppressis
1804 1576 1961 1612 rubricis
1974 1577 2145 1612 VII—XI

215 1640 340 1674 textus
365 1637 468 1684 pleni
493 1640 578 1683 post
603 1637 890 1673 constitutiones
917 1648 1042 1672 earum
1061 1636 1267 1681 descriptas
1290 1635 1467 1670 breviarii
1484 1634 1650 1669 rubricas
1668 1636 1846 1679 quattuor
1862 1634 2014 1669 ultimas
2035 1636 2145 1669 antea

215 1707 260 1731 ex
290 1695 401 1741 pleno
431 1697 538 1730 textu
571 1695 679 1730 datas
711 1695 877 1739 integras
907 1697 1094 1739 repeteret
1125 1705 1168 1728 ex
1193 1693 1378 1729 breviario
1411 1693 1635 1728 decurtatas.
1685 1692 1870 1732 Quattuor
1894 1691 2028 1736 reliqui
2058 1691 2145 1726 libri

222 1753 332 1788 YDO
356 1756 395 1788 et
419 1752 510 1798 epit.
528 1752 660 1794 Paris,
686 1752 777 1789 item
801 1752 1039 1794 Hincmarus·‚
1067 1750 1314 1786 contaminati
1341 1753 1378 1785 et
1403 1749 1477 1795 ipsi
1503 1761 1546 1784 ex
1571 1748 1756 1784 breviario
1782 1751 1961 1793 textuque
1987 1748 2145 1793 integro,

215 1809 291 1844 fere
318 1809 567 1845 consentiunt.
615 1808 847 1844 Breviariuni
873 1820 965 1853 quas
998 1808 1115 1843 habet
1146 1806 1447 1848 constitutiones,
1483 1807 1617 1841 adsunt
1647 1806 1685 1841 111
1717 1805 1886 1841 omnibus
1917 1817 2040 1841 omnes
2071 1806 2146 1841 fere

216 1867 286 1910 (16,
300 1866 364 1908 9,1
393 1866 533 1902 excidit
558 1866 595 1900 in
617 1865 668 1911 Ο),
695 1878 738 1902 ex
764 1865 908 1901 omissis
933 1866 980 1901 ab
1006 1865 1230 1900 Alaricianis
1256 1865 1416 1899 selectae
1443 1864 1715 1905 tantummodo,
1745 1864 1809 1898 sed
1832 1862 1906 1899 fere
1933 1864 2083 1899 eaedem
2108 1863 2146 1897 in

217 1923 398 1960 omnibus
417 1944 460 1950 —-
479 1923 756 1960 Sirmondianas
775 1924 1061 1960 constitutiones
1079 1923 1288 1968 adiungunt
1306 1922 1345 1957 hi
1364 1921 1614 1957 Theodosiani
1636 1921 1724 1956 libri
1746 1933 1881 1963 omneS,
1907 1922 1971 1957 sed
1995 1933 2146 1957 numero

216 1980 372 2023 diverso,
397 1983 540 2027 septem
564 1981 858 2027 Phillippsianus
884 1984 922 2017 et
947 1980 1284 2027 SaugermanensiS‚
1309 1980 1457 2016 easdem
1480 1979 1615 2014 omissa
1639 1981 1774 2023 quarta
1791 1978 2016 2021 OxoniensiS,
2042 1982 2147 2023 quat-

216 2041 301 2074 tuor
325 2038 487 2084 epitome
504 2038 684 2081 Parisina,
709 2041 784 2074 tres
801 2038 1070 2083 Eporediensis.
1096 2059 1140 2063 —
1167 2037 1360 2072 Librorum
1385 2037 1515 2072 horum
1542 2036 1722 2083 originem
1746 2047 1975 2071 communem
2001 2038 2149 2081 praeter

217 2107 262 2131 ea
285 2107 381 2140 quae
404 2095 514 2131 modo
539 2096 776 2141 exposuimus
801 2095 1026 2131 lectionibus
1052 2107 1197 2140 quoque
1225 2094 1431 2131 confirmari
1457 2094 1553 2129 infra
1579 2093 1789 2139 apparebit.

331 2163 411 2198 XV.
437 2163 516 2200 Lib.
536 2164 623 2200 XVI
648 2165 696 2200 ad.
721 2164 799 2200 cod.
818 2164 857 2198 L.
2180 2168 2200 2199 l.
2218 2171 2261 2200 16
2287 2167 2358 2200 cod.
2375 2168 2405 2200 L

330 2221 521 2257 Parisinus
545 2222 626 2258 Lat.
645 2222 748 2265 4403,
774 2221 881 2258 nobis
899 2222 944 2264 L,
970 2222 1108 2257 librum
1132 2222 1219 2257 XVI
1246 2221 1336 2256 item
1365 2221 1467 2257 dedit
1493 2220 1789 2256 contaminatum
1821 2231 1865 2256 ex
1890 2220 2007 2255 forma
2031 2219 2148 2254 brevi-

217 2278 288 2315 arii
313 2282 351 2315 et
376 2279 506 2316 codice
532 2279 642 2326 pleno
669 2280 728 2315 vel
753 2279 932 2325 pleniore,
959 2279 1105 2315 scilicet

769 2339 795 2373 Ι.
823 2339 868 2374 de
893 2337 1076 2383 episcopis
1102 2336 1294 2373 aecclesiis
1319 2340 1357 2373 et
1383 2336 1528 2372 clericis

903 2396 967 2441 [ex
990 2395 1179 2440 brem'aow]

765 2454 811 2488 II.
838 2453 882 2488 de
907 2453 977 2489 fide
1004 2453 1165 2488 catolica

906 2512 959 2553 16,
978 2512 1007 2552 1,
1029 2512 1056 2545 1.
1083 2511 1104 2545 2

770 2569 834 2603 ΙΙΙ.
862 2568 906 2604 de
931 2567 1123 2604 monachis

907 2627 959 2670 16,
977 2626 1008 2667 3,
1030 2627 1059 2660 1.
1085 2626 1106 2660 2

767 2684 851 2718 IIII.
878 2684 922 2718 de
947 2683 1006 2718 his
1031 2683 1095 2727 qui
1121 2693 1232 2727 supra
1256 2680 1437 2726 religione
1466 2680 1692 2716 contendunt

907 2742 960 2783 16,
977 2742 1010 2783 4,
1031 2742 1047 2775 1

769 2798 812 2833 V.
839 2799 882 2834 de
906 2797 1106 2834 haereticis

910 2857 962 2898 16,
981 2857 1011 2898 5,
1030 2856 1051 2890 3

770 2913 832 2948 VI.
858 2925 902 2948 ne
929 2916 1097 2948 sanctum
1123 2911 1311 2957 baptisma
1336 2911 1494 2947 iteratur
1509 2911 1586 2955 (sie)

911 2970 962 3012 16,
981 2970 1012 3013 6,
1035 2971 1050 3004 1

771 3028 853 3063 VII.
880 3028 924 3063 de
949 3027 1132 3072 apostatis

907 3085 975 3130 [16,
996 3085 1026 3126 7,
1047 3084 1081 3129 3]

772 3142 871 3177 VIII.
899 3143 942 3177 de
966 3141 1157 3188 refugione
1169 3141 1248 3184 (sic)

910 3201 963 3242 16,
984 3201 1036 3241 11,
1058 3199 1116 3244 [1.]
1135 3198 1165 3233 3.
1183 3198 1213 3232 2.

340 3294 366 3337 ¹)
390 3294 658 3328 Constitutiones
675 3294 764 3326 duae
783 3293 837 3333 16,
850 3292 882 3334 9,
894 3293 915 3326 4
941 3300 974 3327 et
999 3292 1052 3335 16,
1069 3292 1121 3334 11,
1135 3290 1155 3324 3
1173 3292 1355 3324 adfuerunt
1374 3291 1408 3324 in
1426 3290 1581 3334 exemplo
1599 3290 1763 3323 Breviarii
1790 3300 1840 3329 80,
1865 3287 1954 3330 quod
1979 3286 2140 3319 librarius

221 3340 392 3382 adhibuit;
416 3352 450 3374 v.
470 3351 501 3384 p.
520 3340 615 3373 XCII
640 3350 667 3372 8.
686 3339 792 3383 XVI).

1824 3390 1870 3423 F*
