2501 3615
912 179 955 184 —
1004 158 1150 195 CXLIX
1200 179 1243 184 —

442 261 475 295 Γ
1200 264 1236 299 R
1824 264 1856 298 T

168 342 171 345 ’
210 335 268 366 st:
288 342 356 375 pos
382 331 474 365 tulat
494 351 531 356 -
549 331 639 365 Cous
664 332 801 365 tantitas
869 335 910 365 st
937 332 1153 377 plerumque

318 389 394 433 (ubi
430 400 455 421 ἠ
490 388 617 424 littera
654 389 800 423 videtur

317 458 445 481 sonum
472 445 691 490 perdidisse)
719 458 799 481 con-

319 506 462 538 stanter

162 574 165 595 ¹.
212 562 270 602 jst:
295 570 377 593 mon
402 559 615 593 stmbuntur
641 571 788 604 perraro

216 620 269 661 :ir-⁸:
292 617 492 651 ma‘affmae
867 625 893 648 a·
916 628 922 649 :
966 615 1130 650 trahitur
1170 615 1245 650 fere
1287 617 1333 651 ad
1374 617 1558 662 syllabam

916 673 1155 717 posteriorem
1169 687 1175 708 :
1214 685 1340 720 perspe
1352 676 1481 719 {mimus
1515 695 1558 699 —

909 730 1126 773 prolaeimus;
1152 743 1223 766 non
1249 744 1393 777 semper
1416 735 1557 767 tamen:

914 785 1054 830 (limmat
1088 808 1129 812 —
1163 790 1341 833 effemplo.
1398 790 1558 831 8,1,4‚;2.

915 846 971 878 est
995 847 1252 890 saowgaeerimus

108 907 238 940 contra
268 904 370 949 leges
401 904 468 939 has
497 915 592 948 quae
626 906 795 948 peccant,
867 900 981 935 etiam
1013 901 1049 936 in
1078 902 1113 937 R
1146 903 1384 939 inveniuntur
1420 915 1558 939 errores
1628 905 1937 951 singulari-abaec
1956 920 2038 943 eno-

153 963 196 996 ut
220 964 307 996 sunt
332 963 502 1007 maiforis
525 981 567 986 —-
590 961 794 1001 uwnerosfi·
912 957 1068 994 similes:
1132 960 1162 1001 6,
1177 961 1231 1001 24,
1246 962 1278 1001 4,
1296 962 1326 994 3.
1376 960 1476 1002 6,35,
1494 962 1522 1001 1,
1538 961 1556 994 7
1674 964 1773 998 tavit
1783 965 1961 1010 Krueger:
1976 967 2039 999 ali-

151 1022 221 1053 iate
236 1039 273 1044 —
290 1023 420 1062 seruet
438 1039 475 1044 —
490 1018 692 1062 inpecunia
709 1026 796 1061 sjar-
906 1026 954 1059 po
968 1026 1034 1050 ena
1051 1016 1115 1061 (sic
1134 1017 1206 1060 bis)
1235 1038 1275 1042 —-
1304 1018 1334 1059 6,
1346 1019 1400 1059 24,
1416 1020 1446 1060 5,
1462 1020 1482 1052 5
1499 1019 1557 1052 sin
1674 1022 1815 1064 quibus
1857 1043 1897 1047 —-
1941 1036 2040 1057 man-

151 1077 270 1111 ciatm·
294 1080 331 1112 et
356 1076 387 1110 si
413 1087 508 1120 quae
540 1077 626 1110 sunt
656 1074 795 1110 similia
913 1073 1046 1118 [1⁴][ero
1080 1094 1122 1099 —
1159 1076 1190 1118 6,
1205 1075 1258 1116 27,
1273 1075 1340 1116 2,3
1369 1076 1557 1110 consulatu
1673 1079 1836 1122 sujetudo
1861 1100 1903 1104 —-
1935 1082 2040 1115 si‘cut

150 1134 356 1180 singularia
415 1132 556 1174 omnia,
615 1132 794 1178 originem
911 1133 996 1175 m'sso
1027 1151 1070 1155 —
1101 1133 1132 1175 6,
1147 1132 1201 1173 27,
1219 1132 1270 1174 16,
1289 1133 1340 1177 1s2
1371 1144 1460 1176 qnae
1489 1134 1557 1178 slti-
1673 1156 1717 1161 —
1766 1138 1956 1181 t-rasnjsiyat
1998 1160 2039 1163 —

151 1191 237 1226 inde
273 1191 444 1231 trahunt,
483 1189 582 1233 quod
619 1190 794 1225 librarius
905 1189 1052 1232 pendas
1076 1208 1116 1213 —
1141 1189 1239 1230 6535,
1255 1190 1317 1230 1‚2
1339 1190 1379 1223 >in
1401 1191 1558 1235 sflcrim'is
1673 1193 2018 1237 aniffmacluerccmzus

151 1249 345 1284 scribenda
393 1259 466 1283 non
506 1247 693 1283 intellexit
736 1248 792 1283 vel
911 1266 952 1270 —
972 1246 1112 1290 7,8,8,6
1137 1246 1287 1290 absjente
1307 1268 1350 1273 —
1369 1247 1557 1291 7‚2o‚11‚2

151 1306 226 1342 alio
251 1306 360 1341 modo
385 1305 535 1340 erravit.
910 1304 1091 1347 squalida
1123 1324 1164 1328 -
1200 1304 1381 1346 8,15,1,5
1408 1305 1485 1349 oiljx
1511 1297 1557 1350 ἧν

220 1488 448 1534 Compendia
480 1491 628 1534 reperta
660 1488 698 1522 in
733 1488 838 1523 libris
872 1488 1016 1523 duobus
1050 1488 1239 1533 primariis
1272 1489 1308 1524 R
1345 1489 1539 1534 pleraque,
1575 1491 1609 1526 V
1636 1493 1762 1528 omnia
1796 1494 1888 1529 haec
1923 1495 2039 1531 editio

104 1550 363 1593 repraesentat
387 1546 541 1582 inclusis
566 1546 664 1581 intra
690 1547 931 1591 parentheses
957 1548 969 1590 (
997 1548 1009 1589 )
1035 1546 1175 1582 litteris
1202 1558 1269 1591 per
1292 1558 1335 1582 ea
1361 1549 1577 1593 suppressis.
1620 1550 1777 1586 Inventa
1802 1551 1839 1586 in
1865 1553 1991 1588 codice
2011 1554 2042 1587 T

103 1605 305 1652 diligenter
321 1604 531 1649 composuit
549 1604 714 1649 Krueger
731 1616 765 1649 p.
781 1604 905 1645 8-11‚
932 1604 1021 1639 item
1041 1603 1178 1638 codicis
1196 1604 1243 1638 W
1258 1604 1430 1639 foliorum
1448 1606 1562 1641 trium
1581 1607 1865 1644 Taurinensium
1883 1610 2037 1646 Patetta

103 1675 140 1708 p.
160 1663 242 1704 1313
268 1662 442 1698 foliorum
460 1661 728 1697 Vaticanorum
753 1661 847 1696 mihi
873 1664 1024 1707 praesto
1050 1661 1199 1697 fuerunt
1225 1663 1438 1708 apographi
1464 1675 1533 1709 ope
1559 1664 1814 1711 Kruegeriani.
1864 1667 1930 1702 His
1955 1669 2037 1703 sub-

105 1720 211 1755 sidiis
236 1733 324 1755 usus
347 1719 525 1755 notitiam
551 1719 741 1764 composui
769 1718 1071 1764 compendiorum
1096 1718 1134 1753 in
1152 1719 1404 1755 Theodosiani
1423 1721 1613 1757 codicibus
1632 1724 1752 1768 plenis
1771 1724 2036 1767 adhibitorum,

104 1790 178 1814 non
203 1777 428 1824 singillatim
453 1777 597 1812 minora
622 1776 851 1821 minimaque
877 1780 1110 1822 persecutus,
1137 1778 1200 1812 sed
1226 1790 1322 1822 quae
1348 1778 1417 1814 hoc
1447 1780 1631 1815 volumine
1656 1782 1849 1817 utentibus
1876 1783 1955 1818 visa
1980 1787 2036 1819 est

102 1835 280 1871 sufficere.
305 1855 349 1860 -
376 1834 530 1870 Codices
555 1833 732 1870 breviarii
757 1835 794 1869 in
823 1835 892 1869 hoc
919 1837 1086 1870 tractatu
1112 1835 1235 1880 sprevi
1262 1847 1398 1871 omnes,

218 1892 325 1933 Quod
358 1891 396 1926 in
429 1893 546 1938 gestis
580 1892 623 1927 de
656 1891 913 1928 Theodosiano
946 1892 1174 1937 publicando
1206 1895 1394 1928 senatores
1428 1898 1610 1940 exoptant
1644 1898 1695 1941 (p.
1721 1898 1752 1939 5,
1772 1899 1827 1942 ll)
1862 1897 1982 1933 codici
2014 1910 2035 1933 a

103 1949 440 1986 constitutionariis
465 1949 634 1984 faciendo
651 1949 775 1984 ‘notae
802 1949 905 1985 iuris‘
924 1962 968 1985 ne
991 1950 1262 1992 adscribantur,
1289 1950 1327 1985 id
1353 1950 1525 1988 effectum
1551 1956 1622 1988 est:
1650 1954 1796 1989 scilicet
1822 1958 1932 1990 notae
1958 1967 2034 1997 eae,

102 2008 238 2053 quibus
262 2007 423 2053 scriptus
449 1998 506 2043 est
524 2005 593 2042 Gai
619 2006 715 2043 liber
731 2007 964 2049 Veronensis,
991 2008 1159 2054 exceptis
1182 2008 1427 2054 paucissimiS,
1455 2011 1498 2045 de
1517 2010 1652 2054 quibus
1678 2011 1773 2046 infra
1792 2012 1946 2054 dicetur,
1973 2013 2034 2048 ab·

101 2069 187 2101 sunt
212 2077 235 2101 a
260 2065 383 2101 verbis
408 2068 486 2100 tam
512 2064 822 2100 constitutionum
847 2076 959 2109 quam
984 2065 1228 2101 rubricarum.
1271 2065 1342 2101 Sed
1367 2068 1515 2102 tantum
1540 2067 1658 2111 abest,
1686 2071 1728 2103 ut
1753 2069 1845 2104 haec
1871 2069 1930 2105 lex
1956 2082 2035 2114 per-

100 2122 222 2158 tineat
252 2123 300 2158 ad
332 2122 567 2168 praescript-a
600 2122 646 2157 iis
677 2122 979 2168 subscriptaque,
1011 2126 1053 2159 ut
1085 2135 1104 2158 e
1131 2124 1316 2158 contrario
1348 2124 1385 2158 in
1411 2124 1469 2159 his
1501 2125 1722 2170 compendia
1748 2137 1843 2170 quae
1875 2126 1948 2172 iarn
1976 2140 2034 2163 ex-

101 2180 344 2225 plicabuntur
367 2180 540 2226 legitima
565 2180 640 2216 sint
665 2184 703 2216 et
729 2180 909 2216 eiusmodi
929 2181 1112 2216 vocabula
1137 2193 1203 2226 per
1227 2181 1485 2227 exceptionem
1512 2183 1770 2218 tantummodo
1796 2184 2034 2220 inveniantur

100 2238 322 2284 perscripta.
370 2238 597 2284 Compendia
629 2238 667 2273 in
699 2239 757 2274 his
789 2239 932 2274 usitata
966 2239 1123 2275 redeunt
1158 2240 1232 2275 fere
1266 2239 1304 2274 in
1336 2240 1516 2285 sequioris
1549 2241 1686 2276 aetatis
1719 2244 1889 2276 notarum
1923 2243 2033 2278 later-

100 2295 194 2330 culis
225 2296 431 2342 (composui
469 2307 530 2332 eos
566 2296 607 2331 in
641 2297 971 2343 grammaticorum
1002 2297 1218 2332 Latinorum
1249 2297 1431 2333 editorum
1469 2311 1491 2333 a
1523 2298 1645 2334 Keilio
1681 2299 1866 2335 volumine
1899 2304 2032 2345 quarto

99 2365 135 2398 p.
153 2353 220 2388 277
233 2356 338 2398 seq),
373 2353 572 2390 destinatis
602 2354 733 2399 opinor
762 2353 996 2400 potissimum
1031 2354 1110 2390 eius
1141 2354 1224 2390 aevi
1250 2355 1495 2400 prudentibus
1526 2356 1574 2391 ad
1603 2359 1702 2391 recte
1735 2356 2030 2403 intellegendum

99 2410 399 2446 Theodosianum
429 2414 467 2447 et
497 2411 722 2447 breviarium
753 2411 1019 2446 Alaricianum.
1078 2412 1175 2447 Nam
1208 2412 1318 2446 huius
1352 2424 1498 2457 quoque
1533 2413 1677 2449 codices
1716 2414 1959 2450 vetustissimi
1995 2418 2032 2450 et

99 2471 273 2504 accurate
299 2468 448 2514 scripti,
480 2469 700 2515 praesertim
720 2470 814 2512 PM,
847 2481 930 2504 cum
961 2469 999 2504 in
1024 2472 1130 2505 textu
1161 2470 1471 2506 constitutionum
1497 2483 1519 2506 a
1545 2472 1774 2517 compendiis
1805 2472 2030 2515 abstineant,

98 2525 136 2560 in
166 2525 471 2571 inscriptionibus
497 2530 535 2562 et
559 2526 896 2572 subscriptionibus
922 2527 1069 2562 easdem
1095 2527 1196 2573 leges
1221 2532 1440 2572 sequuntur,
1467 2541 1562 2574 quae
1588 2529 1664 2564 iam
1689 2530 1889 2565 secuudum
1916 2530 2030 2565 libros

98 2582 228 2628 plenos
252 2583 551 2629 explicabuntur.

135 2653 165 2687 1.
189 2653 356 2697 Antiqua
381 2653 602 2699 compendia
626 2653 666 2688 in
691 2655 835 2689 textum
861 2654 1172 2690 constitutionum
1197 2655 1359 2690 admissa
1384 2655 1619 2701 reperiuntur
1644 2656 1747 2690 haec.

178 2723 213 2765 a)
240 2720 546 2767 Contignationes
578 2722 788 2758 litterarum
823 2724 905 2767 (has
938 2724 1037 2759 enim
1070 2723 1201 2759 licebit
1236 2736 1317 2759 cum
1355 2725 1583 2770 compendiis
1618 2727 1867 2770 componere),
1903 2737 2028 2760 earum

236 2778 381 2814 scilicet
401 2791 496 2824 quae
514 2782 668 2825 propter
683 2781 838 2816 formam
857 2780 1037 2816 iuncturis
1062 2784 1174 2827 aptae
1194 2785 1289 2823 sunt,
1316 2782 1353 2816 in
1381 2783 1450 2816 fine
1470 2794 1594 2817 versus
1618 2783 1735 2817 habet
1753 2783 1865 2817 codex
1885 2783 1920 2817 R
1944 2783 2027 2818 has:

234 2847 278 2870 ae
304 2857 345 2862 —
369 2841 411 2872 ‘nt
443 2837 526 2880 (hoc
558 2837 673 2873 etiam
704 2838 741 2872 in
772 2849 877 2873 versu
908 2838 1043 2883 medio)
1076 2858 1118 2864 ·-—
1144 2850 1181 2873 oe
1205 2860 1250 2864 —
1274 2850 1321 2873 on
1348 2861 1387 2865 —
1414 2850 1454 2874 or
1478 2861 1522 2865 —
1547 2851 1584 2874 os
1609 2860 1652 2864 —
1676 2840 1716 2874 ul
1740 2860 1783 2865 —
1808 2851 1855 2874 ur
1881 2861 1922 2864 —
1948 2844 2025 2883 unt,

236 2893 350 2928 codex
369 2893 505 2929 Vhas:
530 2905 572 2929 ae
597 2915 639 2920 —
665 2895 692 2929 iz
716 2915 760 2920 —-
785 2896 811 2929 zi
836 2916 877 2921 —
903 2907 955 2940 ἠρ
980 2916 1021 2921 -
1047 2907 1092 2931 ns
1115 2917 1159 2921 —
1183 2901 1225 2932 nt
1250 2918 1290 2921 —
1313 2908 1362 2931 ur
1379 2917 1419 2922 —
1438 2908 1492 2941 us,
1520 2897 1633 2932 codex
1652 2897 1782 2932 Thas:
1807 2908 1847 2931 ae
1866 2918 1906 2921 —
1923 2908 1966 2931 ‘ns
1984 2917 2027 2922 —

178 2945 181 2949 ⁸
235 2954 278 2984 nt
300 2971 346 2976 —
369 2963 430 2985 um
454 2971 497 2977 —-
522 2956 592 2987 unt
616 2974 661 2978 —
689 2964 737 2987 ur
762 2973 803 2978 —
829 2964 882 2987 us.
941 2954 1099 2989 Easdem
1136 2966 1260 2989 omnes
1296 2966 1414 2999 neque
1451 2954 1487 2989 in
1527 2955 1693 2990 versibus
1731 2954 1904 2989 extremis
1940 2954 2027 2989 solis

235 3008 352 3044 habet
383 3009 498 3045 codex
519 3010 569 3045 W
598 3011 791 3055 quadratis
822 3010 1045 3056 scriptorum
1074 3011 1361 3047 recentissimus.
1411 3011 1602 3058 Originem
1633 3011 1931 3057 contignationes
1961 3023 2026 3047 eae

236 3069 431 3102 traxerunt
456 3078 538 3102 cum
564 3079 609 3102 ex
633 3068 907 3112 aequabilitate
932 3068 1153 3114 paginarum
1180 3069 1359 3113 requisita
1384 3070 1421 3104 in
1447 3069 1632 3115 scriptura
1656 3069 1850 3113 quadrata,
1877 3071 1956 3103 tum
1982 3082 2025 3104 ex

235 3122 318 3168 lege
350 3123 631 3159 dividendorum
661 3126 924 3161 vocabulorum
959 3127 1006 3161 ad
1038 3126 1213 3171 syllabas.
1264 3127 1319 3162 Ob
1353 3128 1499 3163 easdem
1533 3138 1662 3162 causas
1697 3126 1848 3161 litterae
1882 3138 2022 3162 versum

235 3179 406 3215 finientes
430 3192 541 3226 saepe
566 3182 772 3228 figurantur
799 3184 914 3219 forma
939 3183 1089 3219 minore.

169 3235 208 3280 b)
234 3236 381 3273 Littera
412 3240 490 3273 tam
522 3250 555 3273 m
589 3251 700 3283 quam
732 3251 758 3274 n
790 3240 871 3276 ubis
892 3253 1033 3276 versum
1064 3241 1147 3276 finit
1162 3244 1188 3285 ¹)
1216 3241 1301 3284 RV,
1338 3242 1453 3278 etiam
1492 3243 1529 3277 in
1560 3242 1681 3278 medio
1713 3254 1817 3277 versu
1851 3243 1905 3287 W,
1942 3255 2023 3278 eain

215 3330 242 3372 ¹)
267 3330 298 3372 6,
314 3330 354 3372 4,
371 3329 458 3373 124
488 3338 563 3375 post
588 3338 617 3365 et
641 3334 709 3365 iam
741 3334 775 3366 in
807 3346 909 3368 versu
943 3336 1053 3368 medio
1078 3346 1155 3368 cum
1193 3336 1387 3368 membrana
1412 3336 1497 3377 hiet,
1532 3337 1686 3369 similiter
1710 3348 1741 3368 m
1774 3348 1834 3380 per
1865 3335 2023 3370 lineolam

94 3381 379 3419 repraesentatur.
