2501 3615
799 788 996 831 oAPVT
1035 786 1352 829 SEPTIMVM.

310 908 802 964 THEODOSIANI
852 905 1231 959 EDITIONES
1280 905 1368 957 ET
1413 903 1838 957 APPARATVS.

227 1063 454 1101 AEGIDIVS
485 1075 516 1098 a.
538 1063 625 1097 1517
652 1061 806 1106 (Haenel
840 1061 939 1096 brev.
967 1072 1001 1105 p.
1021 1059 1072 1104 C).
1127 1059 1294 1093 Libellus
1326 1058 1525 1103 inscriptus
1556 1068 1713 1092 Simmiae
1737 1058 1807 1092 sire
1833 1061 2041 1103 aryumenta
2068 1058 2321 1093 AEGIDJVS

108 1124 222 1168 temam
255 1122 467 1157 diversorum
499 1121 752 1164 imperatorum
785 1129 828 1152 em
862 1128 1005 1161 corpore
1040 1116 1114 1150 diri
1148 1115 1353 1159 Theodosii,
1389 1115 1532 1150 novellis
1567 1115 1639 1150 divi
1671 1115 1916 1150 Valentiniani
1945 1116 2040 1160 Αῑιρ,

111 1181 295 1216 Martiam:
314 1178 519 1214 Maioriani
538 1177 668 1218 Severi,
688 1179 855 1220 preterea
875 1174 940 1209 Oai
963 1177 993 1208 et
1020 1173 1112 1208 Iulii
1136 1173 1247 1208 Pauli
1270 1172 1452 1207 sententiis
1476 1184 1577 1207 mmo
1595 1173 1754 1216 primum
1779 1171 2043 1218 sl¹iliyeiit¹issime

107 1249 235 1273 excusa
263 1266 270 1273 .
290 1264 297 1272 .
317 1263 324 1272 .
345 1264 352 1272 .
378 1247 422 1271 ex
444 1234 672 1270 vetustissimo
697 1233 894 1278 archetypo,
923 1244 1006 1267 cuni
1033 1230 1275 1277 praefatione,
1302 1242 1414 1274 quam
1441 1229 1626 1274 mayniftco
1653 1229 1701 1265 D.
1721 1229 1857 1264 Ioanni
1877 1229 2042 1275 Sylvaqio

108 1294 353 1341 Buryundi‘ae
375 1292 586 1328 camellario
611 1290 747 1326 direxit
773 1290 905 1324 Petrus
925 1288 1106 1335 Aegidius
1122 1287 1405 1333 Autverpiensis
1432 1287 1479 1323 id.
1500 1287 1603 1322 Febr.
1622 1299 1654 1322 a.
1675 1288 1772 1328 1517,
1800 1286 1939 1332 prodiit
1964 1288 2040 1323 sive

109 1352 338 1398 Antverpiae
363 1351 441 1386 sive
468 1349 654 1385 Lovaniae
681 1359 723 1383 eo
749 1360 844 1383 auno
870 1347 970 1392 apud
997 1346 1230 1382 Theodorum
1255 1345 1457 1380 Martinum
1483 1345 1728 1379 Alustensem.

225 1430 492 1467 SICHARDVS
517 1441 549 1464 a.
571 1428 659 1464 1528
685 1427 839 1471 (Haenel
867 1427 966 1462 brev,
986 1439 1018 1471 p.
1041 1426 1150 1469 CIV).
1192 1425 1422 1460 Breviariuru
1449 1424 1635 1470 integrum
1661 1424 1882 1469 inscriptum
1904 1424 2044 1459 Codicis
2069 1427 2292 1462 SICHARD
2304 1431 2362 1464 VS

115 1491 145 1525 T
147 1489 358 1525 heodosiani
383 1489 463 1524 libri
483 1487 594 1530 XVI,
618 1486 748 1530 quibus
771 1489 856 1520 sunt
886 1485 1046 1529 ipsorum
1074 1484 1281 1527 principum
1306 1483 1515 1517 auctoritate
1540 1482 1698 1516 adiectae
1722 1482 1878 1516 'novellae
1902 1485 1971 1517 cet.
1999 1493 2040 1516 eo

111 1559 206 1583 anno
231 1546 402 1582 Basileae
429 1545 530 1591 apud
554 1543 754 1579 Henricum
775 1543 925 1578 Petrum
952 1541 1070 1577 edidit
1097 1542 1280 1576 Iohannes
1297 1540 1506 1581 sichardus,
1534 1552 1619 1574 usus
1646 1539 1766 1584 plenis
1792 1539 1896 1574 libris
1920 1540 2040 1574 tribus

110 1605 282 1640 Gothano
308 1615 351 1639 eo
376 1606 542 1648 tempore
560 1601 855 1647 Mogontiacensi
873 1602 923 1645 (p.
940 1600 1102 1642 LXXII),
1129 1611 1237 1644 quem
1261 1599 1298 1633 in
1318 1597 1576 1633 Theodosiano
1601 1597 1647 1632 ad
1666 1597 1698 1641 2,
1712 1597 1756 1631 25
1775 1608 1896 1642 presse
1922 1597 2039 1641 sequi-

108 1665 187 1704 tur,
218 1661 351 1698 deinde
377 1673 486 1705 quem
514 1659 681 1704 sequitur
706 1659 743 1693 in
770 1661 876 1703 parte
902 1658 1047 1702 reliqua
1074 1657 1275 1692 Basileensi
1302 1656 1488 1701 descripto
1513 1667 1556 1690 ex
1583 1655 1815 1690 Murbacensi
1842 1656 1892 1700 (p.
1912 1654 2036 1698 XCV),

108 1719 221 1755 tertio
237 1718 464 1764 Augustensi
490 1716 684 1762 deperdito
703 1718 752 1761 (p.
769 1715 877 1759 CIV),
906 1718 1099 1760 praeterea
1125 1715 1318 1750 decurtato
1345 1725 1416 1748 uuo
1434 1712 1610 1748 Beruensi
1635 1715 1713 1747 tum
1731 1711 2036 1757 Argentoratensi

110 1779 159 1822 (p.
178 1775 321 1821 XCVI).

224 1856 384 1892 TILIVS
407 1868 439 1891 a.
460 1856 549 1891 1550
573 1855 727 1900 (Haeuel
754 1855 893 1890 Theod.
918 1867 953 1899 p.
974 1854 1056 1898 XII)
1087 1865 1130 1888 ex
1158 1853 1283 1888 codice
1313 1852 1386 1887 iam
1406 1852 1492 1887 vat.
1515 1863 1588 1897 reg.
1606 1850 1674 1886 886
1701 1852 1748 1896 (p.
1768 1850 1898 1894 XLIV)
1924 1850 2039 1886 Theo·
2070 1852 2245 1886 TILIVS

107 1914 252 1950 dosiani
288 1914 402 1949 libros
437 1917 520 1949 octo
559 1913 780 1958 posteriores
817 1913 891 1947 fere
931 1912 1057 1956 plenos
1097 1911 1236 1956 primus
1275 1910 1402 1945 edidit.
1461 1910 1517 1943 Ad
1552 1909 1668 1944 libros
1701 1908 1863 1952 quinque
1900 1908 2039 1953 priores

107 1974 258 2017 praeter
282 1971 484 2006 editionem
511 1970 681 2006 Sichardi
706 1969 920 2004 adhibuisse
946 1981 1044 2010 eum,
1077 1972 1119 2003 ut
1151 1968 1227 2002 alia
1258 1967 1430 2002 omittam
1456 1966 1585 2001 adlata
1610 1966 1657 2000 ab
1683 1966 1861 2000 Haenelio
1886 1966 2037 2009 (Theod.

106 2041 143 2075 p.
163 2029 337 2072 XXVII),
363 2028 579 2074 praesertim
607 2027 771 2063 codicem
792 2026 1017 2061 Vaticanum
1044 2038 1118 2071 reg.
1143 2025 1230 2060 1128
1257 2028 1312 2068 (z
1333 2025 1389 2066 16;
1416 2036 1527 2070 supra
1554 2037 1587 2069 p.
1607 2023 1765 2067 LXXX),
1792 2023 1963 2065 eundem,
1995 2035 2038 2057 ex

106 2099 179 2132 quo
212 2086 330 2122 edidit
363 2085 585 2131 Ulpianum,
621 2085 789 2120 declarat
820 2084 1046 2129 subscriptio
1080 2084 1190 2127 1‚2,8
1221 2083 1405 2118 translata
1439 2082 1486 2117 ad
1519 2082 1638 2123 1,3‚1.
1689 2081 2037 2126 interpretationem

105 2144 361 2180 Alaricianam
385 2143 507 2178 Tilius
532 2142 749 2188 suppressit.

224 2224 447 2261 CVIACIVS
472 2224 735 2269 (1522-159Ο;
763 2224 902 2259 Haenel
930 2223 1069 2258 Theod.
1089 2235 1123 2268 p.
1143 2222 1242 2266 XIV)
1274 2220 1570 2257 Theodosianum
1600 2219 1656 2254 bis
1682 2219 1799 2254 edidit
1824 2219 1861 2253 in
1888 2230 2037 2264 corpore
2065 2220 2305 2255 C'VIAC'IVS

105 2284 197 2319 iuris
228 2282 522 2319 anteiustiniano
557 2282 717 2328 primum
751 2282 921 2327 Lugduni
953 2293 985 2316 a.
1007 2281 1094 2316 1566
1128 2282 1238 2325 (quae
1270 2278 1386 2314 editio
1416 2277 1579 2324 repetita
1611 2280 1667 2312 est
1692 2276 1913 2312 Aurelianae
1938 2276 2037 2310 Allo-
2139 2275 2226 2305 1566

104 2342 261 2387 brogum
292 2341 369 2377 sive
395 2340 565 2376 Genevae
596 2352 628 2375 a.
649 2340 737 2375 1586
771 2343 809 2375 et
839 2339 1109 2385 exemplarium
1140 2338 1300 2373 nondum
1333 2336 1606 2372 divenditoruiu
1639 2335 1752 2370 titulo
1782 2334 1859 2369 solo
1891 2336 2035 2369 mutato

104 2398 277 2445 Lugduni
293 2410 326 2433 a.
343 2398 456 2443 1593),
483 2398 616 2433 deinde
636 2397 786 2433 Parisiis
810 2409 842 2432 a.
860 2397 948 2432 1586
966 2398 1124 2441 (mutato
1143 2395 1255 2430 titulo
1275 2394 1427 2430 Parisiis
1445 2405 1476 2428 a.
1493 2393 1604 2437 1607).
1641 2392 1698 2426 Ad
1719 2391 1878 2437 priorem
1900 2403 1932 2426 a.
1949 2392 2036 2426 1566

105 2467 202 2501 quae
228 2455 426 2491 adnotavit
450 2456 489 2490 in
514 2455 683 2500 margine
711 2454 899 2496 Cuiacius,
933 2455 1041 2499 louge
1066 2452 1229 2488 maxima
1254 2465 1297 2487 ex
1324 2454 1431 2497 parte
1456 2453 1606 2496 sumpta
1631 2452 1717 2485 sunt
1741 2461 1784 2483 ex
1809 2448 2036 2483 editionibus

105 2513 249 2549 duabus
276 2512 524 2548 anterioribus
549 2512 794 2548 Siehardiana
820 2515 857 2548 et
884 2511 1044 2547 Tiliaua.
1092 2511 1158 2545 His
1183 2510 1352 2551 abiectis,
1379 2508 1540 2554 demptis
1566 2508 1654 2542 item
1680 2506 1914 2546 lectionibus
1941 2518 2035 2550 quae

104 2582 223 2615 neque
245 2570 283 2605 in
301 2570 491 2607 codicibus
510 2573 726 2615 comparent
751 2573 789 2605 et
814 2570 918 2615 ipsae
944 2568 1107 2614 speciem
1133 2579 1220 2613 prae
1247 2579 1283 2603 se
1310 2568 1433 2602 ferunt
1457 2565 1690 2600 coniecturae
1707 2563 1854 2609 (quibus
1878 2564 2035 2609 plerum-

105 2641 193 2674 que,
229 2641 301 2664 non
332 2640 477 2674 semper
509 2631 634 2663 tamen
668 2627 935 2673 praescribitur
967 2640 1024 2672 γρ.
1051 2627 1109 2662 vel
1142 2627 1256 2669 ἴσως),
1290 2627 1432 2660 restant
1465 2624 1535 2658 hae
1569 2623 1669 2657 solae
1701 2622 1812 2657 utiles
1845 2621 1892 2656 ad
1919 2621 2034 2655 deter—

104 2686 283 2722 minanda
307 2685 474 2721 subsidia
499 2697 541 2722 eo
567 2688 733 2731 tempore
759 2698 780 2720 a
807 2685 959 2720 Cuiacio
985 2687 1175 2730 usurpata.
1223 2682 1365 2718 Cuiaeii
1392 2684 1515 2717 textus
1541 2681 1605 2716 ubi
1631 2692 1713 2715 cum
1739 2679 1835 2714 Sieh.
1854 2679 1926 2714 Til.
1954 2690 2033 2714 cou-

105 2743 230 2787 sentst,
256 2755 327 2779 non
353 2743 560 2789 adlegatur.

201 2823 464 2860 commonitorii
481 2823 685 2858 Alaricitmi
707 2823 912 2867 subscriptio
935 2823 984 2858 ad
1000 2823 1178 2858 Karolum
1202 2833 1373 2867 piammon
1395 2821 1506 2856 relata
1529 2821 1657 2864 (supra
1669 2830 1709 2864 p.
1723 2819 1761 2853 X
1769 2817 1921 2862 XXIV)
1945 2817 2033 2852 redit

471 2881 513 2916 in
536 2881 639 2915 nullo
663 2880 781 2915 codice
805 2880 907 2915 hodie
930 2884 1022 2916 noto.

196 2939 229 2981 2,
243 2939 275 2982 6,
289 2939 320 2980 3,
334 2939 372 2974 *1
391 2939 456 2975 int.
494 2942 643 2984 tempus
676 2938 1020 2984 praescriptumque
1046 2938 1150 2983 Sich.]
1186 2937 1530 2982 praescriptumque
1560 2937 1708 2980 tempus
1733 2934 1811 2969 Cui.
1832 2936 1931 2976 text„
1966 2945 2031 2978 per

474 2995 697 3041 scripturam
723 2999 870 3040 tempus
890 2995 966 3030 Cui.
983 3006 1094 3039 mai-y.
1113 3006 1190 3029 cum
1209 2993 1431 3029 NOPMLS
1449 2993 1555 3037 (tacet
1579 2993 1630 3036 F)

198 3053 231 3095 2,
245 3053 276 3095 6,
290 3054 323 3094 4,
338 3054 358 3086 5
430 3063 496 3087 nec
514 3053 688 3088 damnum
711 3056 777 3087 aut
798 3052 965 3087 fraudem
983 3051 1071 3087 Sich.
1087 3052 1163 3095 Tit]
1190 3063 1257 3086 nec
1284 3050 1378 3085 clam
1406 3053 1447 3085 ut
1473 3049 1639 3084 fraudem
1664 3049 1742 3083 Cui.
1759 3059 1871 3093 τηατ-9.
1892 3057 1971 3082 cum
1993 3047 2032 3081 F

473 3110 702 3154 similiterque
727 3108 945 3143 NOPMLS

196 3167 375 3211 2,12,6,1
428 3167 495 3212 pfp
521 3167 612 3202 Sieh.
632 3166 709 3211 TiL]
741 3170 791 3211 p-ix
820 3165 897 3202 Oui.
928 3177 1040 3211 marq.
1066 3176 1143 3200 omn
1177 3166 1259 3200 PM
1289 3168 1320 3199 et
1348 3168 1424 3210 sere
1449 3164 1510 3199 SL
1541 3164 1690 3207 aliisque
1721 3161 2029 3197 constitutionibus

469 3223 630 3268 plumbus
653 3225 759 3268 (tacet
785 3224 836 3268 F)

248 3281 288 3316 17
317 3281 400 3323 1‚*4
424 3280 519 3326 legis
543 3282 678 3315 natura
702 3280 796 3315 sich.
815 3271 893 3325 Tit]
921 3281 1021 3326 leges
1046 3283 1083 3315 et
1108 3282 1241 3315 natura
1268 3280 1343 3315 (J'ui.
1360 3291 1468 3324 mwry.
1494 3290 1573 3314 cum
1601 3276 1815 3313 FNBGOS

198 3281 231 3322 2,
292 3308 300 3323 ,

195 3338 344 3381 2,29,1,
361 3339 378 3372 1
427 3349 538 3382 quam
564 3337 657 3372 Sieh.
677 3337 754 3382 Tit]
779 3351 836 3384 γρ.
862 3337 1014 3381 quidam
1042 3337 1118 3372 Oui.
1137 3348 1247 3382 marg).
1266 3348 1343 3372 cum
1371 3336 1597 3372 FNBGOE

1749 3403 1796 3426 G*
