2501 3615
199 199 547 238 GREGORIANVS

167 342 255 376 lust..
272 340 324 382 10,
339 339 394 381 43,
411 340 500 374 1-4

168 1028 258 1063 lust.
274 1028 326 1069 10,
344 1026 503 1069 65,1-3

169 1315 258 1350 Iust.
274 1315 327 1356 10,
339 1315 393 1357 52,
410 1316 467 1349 1—
477 1316 498 1350 5

171 2025 260 2060 Iust.
275 2025 328 2067 10,
343 2024 396 2067 53,
415 2001 502 2059 145

310 3382 448 3417 Timon.
469 3382 496 3417 Ι.

985 116 1027 121 -
1076 84 1179 130 xxv
1228 112 1271 121 -

843 198 1217 235 THEODOSIANVS
1625 192 1943 231 1vs⁷r1N1Ast

636 281 658 314 4
684 279 728 314 de
747 279 956 324 inponenda
975 278 1168 314 lucrativis
1191 276 1439 313 describtione
1479 275 1531 317 10,
1545 275 1589 310 36
1615 290 1658 304 =

636 339 657 372 5
683 336 991 381 quemadmodum
1018 347 1170 371 munera
1196 334 1324 370 civilia
1348 333 1439 369 indi-
1479 332 1530 374 10,
1544 333 1590 368 43
1616 346 1658 361 =

684 397 816 429 cantur

638 452 658 486 6
684 452 727 487 de
754 450 1046 497 susceptoribus,
1073 450 1298 496 praepositis
1323 451 1360 485 et
1386 460 1439 484 ar·
1480 447 1531 490 10,
1548 449 1591 483 72
1618 462 1660 477 =

683 508 794 544 curiis

639 567 657 600 7
685 567 728 602 de
754 565 1064 612 ponderatoribus
1088 567 1125 600 et
1151 563 1232 599 auri
1260 563 1439 599 inlatione
1481 563 1531 604 10,
1548 562 1591 597 73
1618 577 1660 592 =

637 624 657 658 8
684 624 727 659 de
754 623 834 659 auri
859 622 1003 668 publici
1027 621 1326 667 prosecutoribus
1480 620 1531 662 10,
1547 620 1590 654 74
1615 635 1658 649 =

636 682 657 715 9
683 682 727 716 de
753 681 826 722 his,
860 692 955 725 quae
981 691 1025 715 ex
1050 678 1204 724 publica
1230 677 1440 713 conlatione
1480 678 1532 719 10,
1549 678 1591 712 75

684 738 803 773 inlata
829 740 924 778 sunt,
951 749 1024 772 non
1049 735 1272 781 usurpandis

618 795 659 830 10
684 808 728 831 ne
746 794 1021 841 praefectianus
1039 792 1222 830 exactoris
1241 821 1248 827 .
1264 820 1271 828 .
1287 820 1294 826 .
1313 793 1440 838 funga-

684 855 746 888 tur
769 851 889 888 officio

618 912 657 945 11
686 911 730 946 de
765 908 999 945 curatoribus
1034 908 1245 944 kalendarii
1282 911 1320 943 et
1357 908 1442 943 fide-

685 967 888 1003 iussoribus
914 978 1039 1001 eorum

619 1026 659 1061 12
684 1025 728 1060 de
754 1024 892 1071 legatis
917 1027 955 1060 et
981 1023 1139 1060 decretis
1164 1023 1396 1069 legationum
1482 1021 1533 1063 10,
1548 1021 1591 1056 65
1617 1021 1661 1058 (16
1687 1021 1941 1068 legationibus

618 1083 660 1118 13
685 1083 729 1118 (16
755 1094 844 1118 auro
871 1081 1062 1118 coronario
1482 1080 1534 1120 10,
1550 1080 1592 1115 76
1619 1095 1662 1109 =

618 1141 661 1176 14
685 1140 729 1175 (16
755 1139 959 1176 irenarchis
1482 1137 1534 1179 10,
1550 1138 1592 1172 77
1620 1153 1662 1167 =

618 1199 659 1233 15
685 1198 729 1234 de
755 1197 1034 1234 centurionibus

618 1256 659 1290 16
686 1256 729 1291 (16
755 1255 992 1301 mancipibus

617 1313 658 1348 17
683 1313 727 1348 (16
764 1312 823 1348 his
859 1312 925 1357 qui
960 1323 1111 1348 numero
1148 1311 1347 1347 liberorum
1385 1312 1443 1348 vel
1483 1310 1535 1352 10,
1550 1311 1593 1345 52
1621 1325 1663 1339 =

685 1372 910 1416 paupertate
936 1369 1214 1405 excusationem
1239 1369 1441 1405 meruerint

617 1427 659 1462 18
684 1427 715 1462 si
741 1427 893 1463 curialis
918 1427 1052 1463 relicta
1078 1427 1235 1463 civitate
1253 1439 1314 1462 rus
1338 1426 1443 1462 habi·
1482 1425 1534 1468 10,
1549 1425 1593 1462 38
1619 1441 1662 1455 =

684 1488 764 1520 tare
794 1485 970 1522 maluerit

617 1543 658 1578 19
685 1543 729 1579 (16
763 1542 822 1577 1115
858 1543 922 1588 qui
961 1543 1215 1579 condicionem
1253 1541 1463 1615 propriam!

683 1600 915 1646 reliquerunt
1460 1618 1464 1655 Ι

641 1716 971 1752 THEODOSIANI
1003 1714 1146 1750 LIBER
1177 1714 1387 1750 DECIMVS
1420 1713 1632 1749 TERTIVS

643 1799 659 1833 1
689 1798 732 1833 de
757 1798 907 1833 lustrali
933 1798 1143 1834 conlatione
1461 1802 1466 1812 ’
1484 1798 1536 1839 11,
1552 1797 1568 1832 1
1589 1796 1633 1831 (16
1651 1794 1818 1831 tollenda
1836 1792 2002 1829 lustralis
2020 1792 2101 1828 auri

1553 1852 1765 1889 conlatione

641 1912 662 1946 2
688 1913 731 1948 de
763 1912 909 1959 argenti
944 1912 1067 1958 pretio
1101 1913 1200 1958 quod
1233 1912 1444 1948 thensauris
1484 1912 1536 1955 10,
1551 1911 1595 1946 78
1622 1926 1665 1940 =

686 1970 843 2006 infertur

639 2026 661 2061 3
688 2028 731 2063 (16
756 2027 910 2064 medicis
935 2030 972 2063 et
998 2028 1266 2073 professoribus
1484 2027 1536 2070 10,
1551 2026 1595 2062 53
1621 2026 1665 2063 (16
1684 2025 1950 2072 professoribus
1973 2028 2012 2062 et
2028 2037 2100 2061 me-

1551 2084 1644 2120 dicis

638 2145 661 2178 4
685 2143 730 2180 de
757 2141 1058 2179 excusationibus
1083 2143 1268 2180 artificum
1483 2143 1536 2186 10,
1550 2142 1594 2177 66
1620 2157 1663 2172 =

639 2203 660 2237 5
687 2202 731 2238 de
755 2199 999 2237 naviculariis
1483 2200 1570 2242 11,2
1597 2200 1641 2235 de
1665 2197 1909 2234 naviculariis
1931 2209 1994 2233 seu
2011 2209 2099 2232 nau-

1551 2256 1660 2293 cleris
1718 2256 1892 2302 publicas
1956 2255 2100 2301 species

1548 2314 1893 2360 transportantibus

640 2374 661 2409 6
687 2375 731 2411 (16
756 2374 918 2420 praediis
942 2375 1259 2412 naviculariorum
1481 2374 1534 2415 11,
1549 2372 1571 2407 3
1598 2388 1640 2402 =

641 2433 660 2466 7
687 2432 731 2468 (16
755 2432 914 2468 navibus
939 2444 1012 2468 non
1037 2433 1254 2470 excusandis
1483 2431 1534 2472 11,

639 2488 661 2523 8
685 2500 730 2523 116
757 2489 847 2534 quid
872 2490 973 2526 oneri
998 2491 1152 2536 publico
1177 2491 1380 2536 inponatur
1460 2491 1462 2548 fl
1482 2489 1533 2530 11,
1548 2510 1555 2519 .

640 2547 661 2581 9
687 2546 732 2582 (16
757 2547 963 2593 naufragiis
1482 2547 1534 2587 11,

620 2603 662 2638 10
687 2604 731 2639 (16
757 2616 866 2640 censu
893 2605 970 2641 sive
996 2605 1248 2651 adscriptione
1505 2604 1557 2646 11,
1572 2602 1616 2637 58
1642 2602 1686 2638 de
1717 2600 1887 2637 censibus
1918 2601 1957 2635 et
1988 2599 2101 2635 censi-

620 2661 659 2696 11
688 2661 733 2696 de
758 2661 1018 2705 censitoribus,
1047 2662 1379 2709 peraequatoribus
1405 2665 1443 2698 et
1473 2643 1483 2753 ξ
1571 2659 1714 2696 toribus
1753 2661 1792 2694 et
1825 2656 2101 2704 peraequatori-

686 2717 959 2764 inspectoribus
1571 2718 1641 2753 bus
1667 2720 1705 2753 et
1729 2714 2001 2761 inspectoribus

1548 2431 1571 2580 σῦκ-ΠΨ*

633 2832 964 2871 THEODOSIANI
994 2836 1139 2872 LIBER
1168 2835 1381 2872 DECIMVS
1413 2833 1641 2876 QVARTVS

644 2916 660 2950 1
689 2916 732 2951 de
758 2916 917 2952 decuriis
941 2917 1044 2953 urbis
1068 2917 1207 2953 Romae
1460 2915 1593 2956 111,14
1619 2928 1662 2942 =

642 2975 663 3008 2
688 2974 732 3010 (16
773 2973 982 3021 privilegiis
1022 2977 1299 3020 corporatorum
1341 2972 1443 3008 urbis
1482 2973 1534 3014 11,
1551 2972 1593 3007 15
1620 2986 1662 3000 =

686 3031 825 3068 Romae

640 3088 662 3123 3
687 3090 731 3125 de
756 3089 959 3135 pistoribus
983 3092 1021 3127 et
1046 3089 1348 3126 catabolensibus
1481 3088 1534 3129 11,
1550 3087 1592 3122 16
1617 3086 1662 3120 (16
1687 3082 1891 3129 pistoribus

637 3147 661 3181 4
685 3147 729 3182 (16
748 3148 891 3191 suariis,
909 3147 1097 3194 pecuariis
1114 3150 1152 3183 et
1165 3146 1442 3192 susceptoribus
1481 3145 1533 3186 11,
1550 3145 1591 3179 17
1619 3143 1662 3177 de
1688 3141 1822 3176 suariis
1848 3143 1886 3176 et
1911 3140 2099 3184 suscepto-

686 3204 764 3240 vini
789 3206 995 3251 ceterisque
1021 3203 1227 3251 corporatis
1547 3200 1650 3236 ribus
1675 3203 1738 3233 cet.

639 3261 660 3295 5
685 3262 730 3298 de
754 3263 990 3309 mancipibus
1020 3263 1249 3299 thermarum
1277 3259 1378 3296 urbis
1403 3261 1442 3295 et

685 3320 924 3358 subvectione
949 3320 1135 3367 lignorum
