2517 3615
1233 149 1276 156 —
1323 128 1428 165 XXII
1477 148 1519 170 -,·

456 230 800 268 GREGORIANVS
1097 231 1468 267 THEODOSIANVS
1878 235 2190 273 IVSTINIANVS

423 313 510 347 Iust.
525 313 556 353 9,
573 313 626 352 20,
644 313 753 346 1-15
850 313 852 331 ¹
873 310 914 345 18
939 311 986 346 ad
1010 312 1131 357 legem
1158 312 1313 346 Fabiam
1728 314 1760 355 9,
1775 315 1818 349 20
1845 331 1887 345 =

425 368 512 403 lust.
528 369 559 408 9,
574 368 754 409 22,1—20
849 335 852 461 ὲ
872 368 912 402 19
939 368 987 402 ad
1010 368 1131 413 legem
1157 367 1367 403 Corneliam
1392 368 1436 404 de
1460 368 1554 403 falso
1727 371 1760 411 9,
1774 371 1818 405 22
1845 387 1887 400 =

869 423 913 458 20
939 425 1078 459 victum
1111 424 1273 460 civiliter
1307 436 1416 470 agere
1448 425 1692 462 criminaliter
1727 427 1759 468 9,
1774 426 1815 462 31
1843 429 1989 472 quando
2014 429 2135 464 civilis
2157 430 2257 465 actio
2278 430 2343 465 ori-

847 464 851 580 ,
937 492 1042 526 posse
1796 484 1925 519 minali
1960 486 2193 531 praeiudicet
2226 490 2263 522 et
2297 498 2345 521 an

1795 542 1952 586 utraque
1971 543 2017 578 ab
2036 543 2163 579 eodem
2183 543 2345 579 exerceri

847 584 850 672 1
1795 600 1919 642 potest

867 652 908 685 21
937 651 980 686 de
1005 651 1100 686 falsa
1124 653 1275 687 moneta
1726 653 1757 694 9,
1773 653 1818 688 24
1843 670 1885 683 =

414 1677 502 1712 lust.
517 1678 548 1718 9,
563 1678 617 1719 41,
634 1678 651 1711 1
661 1679 744 1712 —15

414 1906 503 1942 Iust.
517 1906 548 1948 9,
562 1907 617 1949 42,
635 1908 652 1941 1

414 2020 501 2055 lust.
518 2021 549 2062 9,
563 2021 617 2062 46,
634 2021 722 2056 1-6

416 2078 502 2112 Iust.
517 2078 548 2119 9,
561 2078 742 2119 47‚1—15

415 2248 503 2284 lust.
517 2250 548 2291 9,
562 2250 617 2291 49,
633 2251 721 2286 1—6

414 2362 501 2398 lust.
517 2364 548 2405 9,
563 2365 616 2407 51,
632 2366 743 2401 1—-12

415 2752 501 2788 lust.
519 2752 570 2795 10,
588 2752 617 2794 1,
635 2752 722 2787 1-5

867 708 910 742 22
937 707 967 741 si
993 707 1075 752 quis
1101 708 1212 743 solidi
1237 708 1415 744 circulum
1439 714 1495 745 cet.

868 764 911 799 23
938 764 970 799 si
996 765 1078 810 quis
1104 765 1280 810 pecunias
1306 766 1521 803 conflaverit
1545 772 1604 804 cet.

867 822 912 856 24
937 822 980 856 de
1005 824 1118 866 raptu
1143 821 1329 868 virginum
1354 823 1414 858 vel
1439 824 1632 860 viduarum
1749 823 1839 866 9,13
1865 824 1909 860 de
1933 827 2045 871 raptu
2070 826 2255 873 virginum
2280 838 2343 862 seu

865 878 910 912 25
936 878 980 914 de
1018 881 1130 924 raptu
1171 879 1230 915 vel
1277 880 1512 917 matrimonio
1552 882 1688 918 sancti·
1819 880 2014 917 viduarum
2036 895 2192 920 necnon
2209 883 2343 920 sancti-

936 934 1154 970 monialium
1179 936 1365 981 virginum
1390 938 1449 972 vel
1478 938 1669 975 viduarum
1817 938 2033 974 monialium

866 993 910 1027 26
935 993 983 1027 ad
1007 993 1128 1038 legem
1152 993 1287 1029 Iuliam
1312 994 1356 1030 de
1381 994 1527 1030 ambitu
1726 995 1747 1030 9

865 1049 909 1084 27
935 1050 983 1084 ad
1006 1049 1128 1095 legem
1153 1050 1287 1085 Iuliam
1310 1052 1598 1097 repetundarum
1725 1052 1745 1087 9

865 1106 910 1140 28
935 1106 979 1142 de
1005 1106 1156 1143 crimine
1181 1108 1378 1153 peculatus
1725 1109 1756 1152 9,

865 1164 908 1198 29
935 1163 978 1199 de
998 1163 1057 1198 his
1075 1163 1139 1208 qui
1163 1165 1327 1201 latrones
1345 1193 1352 1200 .
1368 1193 1374 1200 .
1391 1193 1398 1200 .
1417 1166 1689 1203 occultaverint
1725 1166 1756 1207 9,

865 1220 910 1256 30
934 1220 1068 1265 quibus
1099 1233 1275 1266 equorum
1304 1235 1390 1257 usus
1417 1234 1608 1259 concessus
1638 1225 1688 1260 sit

931 1282 991 1314 cet.

865 1335 906 1370 31
934 1347 979 1371 ne
1005 1336 1217 1381 pastoribus
1244 1337 1376 1372 dentur
1400 1337 1467 1372 filii
1499 1338 1688 1374 nutriendi

863 1393 908 1428 32
933 1393 977 1428 (18
995 1393 1077 1428 Nili
1102 1393 1302 1439 aggeribus
1322 1406 1394 1429 non
1413 1396 1688 1441 corrumpendis
1724 1393 1755 1435 9,
1770 1392 1814 1427 38
1842 1407 1883 1422 =

863 1450 907 1485 33
935 1450 978 1485 de
1013 1449 1071 1485 his
1106 1449 1170 1495 qui
1202 1451 1352 1496 plebem
1386 1452 1524 1487 audent
1559 1456 1688 1489 contra
1723 1450 1755 1492 9,
1770 1451 1816 1487 30
1842 1450 1885 1486 de
1910 1448 2096 1485 seditiosis
2126 1451 2164 1485 et
2194 1450 2253 1486 his
2277 1451 2342 1496 qui

932 1506 1124 1552 publicam
1150 1507 1326 1554 colligere
1352 1508 1590 1555 disciplinam
1792 1507 1940 1552 plebem
1965 1506 2104 1542 audent
2124 1510 2253 1543 contra
2276 1520 2341 1554 pu-

1794 995 1816 1201 ωοοκισ»

1842 1125 1885 1195 1111
1843 1069 1885 1082 ΙΙ
1843 1011 1886 1024 ΙΙ

1792 1564 1931 1600 blicam
1965 1563 2127 1608 quietem
2165 1564 2340 1611 colligere

863 1620 908 1655 34
933 1621 977 1657 de
1002 1621 1153 1657 famosis
1177 1622 1317 1657 libellis
1722 1621 1754 1663 9,
1768 1621 1813 1656 36
1839 1637 1880 1651 =

862 1677 905 1713 35
933 1679 976 1714 de
1002 1679 1282 1723 quaestionibus
1722 1679 1753 1720 9,
1767 1679 1810 1713 41
1838 1694 1881 1708 ---

862 1734 906 1770 36
930 1738 973 1770 ut
997 1735 1096 1771 intra
1127 1748 1264 1772 annum
1289 1737 1492 1773 criminalis
1517 1738 1686 1783 quaestio
1722 1735 1813 1778 9‚44
1837 1739 1880 1772 ut
1904 1736 2004 1772 intra
2029 1737 2170 1771 certum
2193 1739 2341 1783 tempus

930 1793 1148 1829 terminetur
1791 1792 1994 1829 criminalis
2019 1792 2189 1837 quaestio
2217 1793 2339 1829 termi-

1791 1851 1901 1885 netur

861 1907 904 1942 37
932 1907 975 1943 de
1001 1907 1269 1944 abolitionibus
1722 1907 1753 1947 9,
1767 1906 1812 1941 42
1839 1923 1881 1936 =

862 1963 906 1998 38
932 1965 976 1999 de
1001 1964 1246 2010 indulgentiis
1272 1965 1466 2001 criminum

861 2021 904 2056 39
931 2022 975 2057 de
1001 2022 1334 2059 calumniatoribus
1720 2020 1753 2062 9,
1767 2020 1812 2056 46
1838 2036 1880 2050 =

860 2077 906 2113 40
933 2078 976 2114 de
1002 2078 1131 2124 poenis
1720 2078 1752 2119 9,
1767 2078 1812 2112 47
1838 2093 1881 2108 =

859 2137 902 2170 41
928 2148 974 2171 ne
999 2136 1077 2172 sine
1107 2136 1208 2172 iussu
1241 2136 1422 2183 principis
1451 2137 1562 2173 certis
1593 2137 1684 2173 iudi·
1721 2135 1811 2175 9‚48
1837 2150 1880 2164 =

931 2193 1036 2229 cibus
1060 2193 1175 2230 liceat
1202 2195 1399 2231 confiscare

859 2251 905 2286 42
930 2251 974 2286 de
999 2251 1104 2287 bonis
1129 2251 1421 2297 proscribtorum
1446 2263 1509 2288 seu
1536 2252 1684 2287 damna·
1720 2250 1751 2292 9,
1765 2250 1810 2285 49
1837 2265 1881 2279 =

930 2311 1052 2343 torum

860 2365 906 2400 43
931 2364 975 2400 de
992 2365 1216 2401 sententiam
1233 2365 1352 2411 passis
1375 2369 1413 2401 et
1436 2364 1621 2401 restitutis
1647 2367 1685 2400 et
1720 2365 1752 2406 9,
1769 2365 1810 2399 51
1839 2380 1881 2394 =

929 2422 1058 2457 liberis
1084 2434 1208 2458 eorum

860 2479 906 2514 44
930 2479 974 2515 de
999 2479 1058 2514 his
1083 2480 1144 2524 qui
1172 2480 1221 2515 ad
1245 2482 1389 2516 statuas
1415 2478 1635 2525 confugiunt
1723 2479 1809 2520 l,25

1838 2551 1881 2565 11
1838 2494 1880 2508 11

861 2537 907 2570 45
933 2536 977 2572 de
1004 2537 1060 2571 his
1085 2536 1149 2581 qui
1175 2536 1223 2571 ad
1248 2536 1425 2572 ecclesias
1451 2535 1670 2581 confugiunt
1700 2502 1753 2592 il,
1770 2536 1812 2570 12

1002 2673 1330 2709 THEonosimi
1364 2673 1508 2708 LIBER
1537 2672 1749 2708 DEOIMVS

1723 2753 1775 2798 10,
1794 2753 1809 2788 1

1838 2768 1880 2782 u

887 2753 904 2788 1
934 2752 979 2788 de
1004 2752 1082 2788 iure
1106 2753 1184 2788 fisci

885 2809 906 2844 2
931 2810 975 2844 (18
1009 2809 1179 2845 domibus
1210 2809 1258 2844 ad
1282 2821 1360 2846 rem
1384 2808 1574 2855 privatam
1605 2821 1684 2855 per-

929 2866 1136 2902 tinentibus
1160 2870 1218 2902 cet.
1699 2859 1704 2957 ἰ

883 2923 904 2958 3
930 2923 973 2959 de
1005 2923 1191 2959 locatione
1222 2924 1417 2959 fundorum
1450 2922 1540 2958 iuris
1572 2922 1683 2967 emfy-
1722 2924 1825 2967 11,71
1845 2923 1890 2959 de
1903 2921 2088 2959 locatione
2102 2921 2336 2969 praediorum

928 2980 1060 3016 teutici
1083 2982 1121 3016 et
1142 2981 1195 3016 rei
1213 2980 1387 3026 publicae
1405 2981 1443 3014 et
1459 2979 1683 3026 templorum
1788 2979 1958 3015 civilium
1977 2979 2036 3016 vel
2060 2979 2242 3016 fiscalium
2259 2979 2336 3014 sive

1786 3037 2011 3082 templorum
2035 3036 2113 3073 sive
2136 3036 2191 3073 rei
2214 3036 2336 3082 priva·

1787 3095 1850 3129 tae
1877 3093 1934 3129 vel
1961 3092 2167 3129 dominicae

879 3151 901 3184 4
927 3150 971 3186 de
1006 3149 1194 3186 actoribus
1228 3153 1266 3186 et
1303 3150 1604 3196 procuratoribus
1643 3152 1682 3186 et
1720 3151 1828 3192 11,72
1846 3150 1891 3186 de
1906 3149 2190 3186 conductoribus
2203 3151 2244 3186 et
2255 3160 2336 3195 pro-

927 3206 1214 3242 conductoribus
1237 3207 1291 3243 rei
1317 3207 1487 3253 privatae
1786 3206 2018 3243 curatoribus
2042 3206 2121 3243 sive
2145 3206 2334 3242 actoribus

1786 3263 2022 3310 praediorum
2067 3262 2250 3299 fiscalium
2297 3265 2335 3299 et

1783 3321 1913 3357 domus
1937 3321 2129 3366 Augustae
