2485 3615
1183 151 1225 159 -—
1274 128 1391 168 XLIV
1438 151 1481 158 —-

368 239 415 274 ad
433 249 477 273 ea
496 249 589 282 quae
608 234 728 273 adhuc
746 240 956 283 supersunt)
975 249 1093 281 neque
1110 236 1368 271 Gothofredus.
1404 236 1455 271 At
1470 235 1643 271 Cuiacius
1660 238 1738 272 tam
1755 235 1876 282 prima
1895 236 1964 272 duo
1982 236 2073 273 folia
2085 232 2290 282 q.XXXIII

368 297 390 331 f.
413 298 440 330 1.
455 297 475 330 2
501 308 613 340 quam
638 295 810 330 ultimum
836 308 869 339 q.
888 295 1041 329 XLVIII
1066 295 1089 328 f.
1110 296 1128 328 7
1154 293 1274 328 minus
1299 294 1424 329 lacera
1449 293 1546 328 vidit
1571 305 1682 337 quam
1707 298 1792 330 sunt
1817 295 1937 331 hodie.
1987 295 2138 331 Scilicet
2162 295 2244 330 folii
2272 295 2288 328 1

368 366 451 389 cum
485 357 587 389 recta
624 353 848 389 continuerit
884 351 1168 388 constitutiones
1202 350 1311 385 hodie
1345 353 1560 386 numeratas
1595 351 1625 392 6,
1643 351 1676 393 2,
1696 352 1749 386 12.
1769 352 1826 394 13,
1865 364 1970 387 versa
2007 352 2291 388 constitutiones

367 413 398 455 6,
412 414 443 455 2,
461 414 502 447 13
516 413 625 447 fin.-
640 412 691 453 16,
718 412 756 445 in
782 410 946 455 margine
972 409 1158 454 superiore
1184 408 1264 443 illic
1290 409 1314 443 l.
1331 410 1381 443 12.
1401 409 1424 443 l.
1442 408 1484 443 13
1502 408 1630 454 princ„
1656 408 1717 444 hic
1742 409 1765 444 l.
1783 409 1824 444 13
1842 410 1901 444 fin.
1917 410 1940 444 l.
1957 411 2001 445 14
2025 409 2136 445 iidem
2164 409 2291 443 hiatus

371 470 471 514 apud
490 469 681 505 Cuiacium
711 471 909 503 cernuntur
927 466 991 510 qui
1016 478 1110 501 nunc
1137 468 1232 508 sunt,
1259 466 1322 501 sed
1346 466 1370 499 l.
1387 466 1429 501 13
1451 466 1545 501 med.
1566 467 1617 500 15.
1639 466 1680 500 16
1705 467 1806 511 apud
1831 478 1914 501 eum
1939 467 2107 513 integrae
2132 468 2207 502 fere
2233 466 2292 501 de-

369 529 528 561 currunt.
572 527 664 561 Item
690 526 728 559 in
754 528 855 560 recta
879 524 902 558 f.
918 525 938 558 2
962 523 1179 558 imminutae
1201 524 1350 559 fuerunt
1368 522 1511 558 Cuiacii
1537 525 1704 568 tempore
1729 523 1822 558 l.17.
1843 524 1894 565 18,
1921 523 2088 569 integrae
2114 524 2138 557 l.
2158 523 2210 557 19.
2229 522 2290 562 2ος

368 584 405 618 in
424 596 528 618 versa
552 583 707 618 mutilae
734 583 756 617 l.
775 582 829 616 21.
848 583 901 623 22,
928 581 1096 626 integrae
1122 581 1144 615 1.
1164 581 1217 615 23.
1237 582 1290 615 24.
1332 580 1501 625 Denique
1529 580 1567 615 in
1591 580 1681 615 folio
1706 583 1868 616 extremo
1895 581 2179 616 constitutiones
2197 580 2291 614 duae

367 642 503 682 8,18‚5
535 643 571 675 et
602 639 737 681 8,1S,8
771 639 879 683 (duae
910 638 1155 683 interpositae
1187 650 1270 673 cum
1300 638 1424 673 adsint
1454 638 1491 672 in
1522 637 1723 679 breviario,
1756 637 1846 682 quid
1876 650 1919 673 ex
1951 638 1996 673 iis
2026 638 2064 673 in
2095 639 2165 673 hoc
2196 637 2292 672 libro

369 697 542 732 Cuiacius
568 697 717 737 viderit,
743 696 926 731 incertum
951 698 1039 738 est),
1066 696 1250 741 pleniores
1276 697 1451 741 leguntur
1475 696 1575 741 apud
1602 695 1793 731 Cuiacium
1819 707 1930 739 quam
1955 695 2066 731 hodie
2091 696 2205 731 codex
2230 706 2293 730 eas

369 757 634 800 repraesentat.
653 774 696 779 —
723 753 955 798 Subscriptio
981 753 1068 788 libri
1087 753 1138 787 VI
1163 756 1201 788 et
1226 752 1420 798 inscriptio
1434 753 1503 787 VII
1524 765 1606 787 cum
1632 752 1810 797 perierint
1834 752 1922 787 folio
1952 753 2157 798 deperdito,
2183 755 2293 787 acute

370 811 613 857 deprehendit
641 811 809 846 Vesmius
841 811 877 845 in
905 809 1045 856 pagina
1069 822 1164 855 quae
1190 810 1381 855 praecedit
1407 810 1568 855 vestigia
1600 810 1678 845 eius
1702 810 1817 845 minio
1842 809 1968 845 umido
1993 810 2125 846 effecta
2149 809 2293 845 inverse

367 882 554 915 expressa:
581 869 761 914 [emplicit]
786 868 872 903 liber
898 869 974 914 [ιη’]
1000 869 1127 912 incipit
1153 868 1262 912 [liber
1285 869 1370 913 ποιῇ.
1412 868 1612 904 Praeterea
1637 867 1862 912 subscriptio
1887 870 1925 902 et
1949 866 2144 913 inscriptio
2171 879 2293 912 super-

369 930 454 962 sunt
478 927 575 962 inter
600 927 622 961 l.
641 927 712 961 VII
738 928 776 962 et
802 926 890 961 VIII
916 926 987 961 sic:
1013 926 1152 970 (implicit
1177 926 1261 960 liber
1279 926 1359 961 VII
1381 927 1383 971 Ι
1412 926 1536 970 incipit
1562 927 1649 960 liber
1673 926 1777 961 VIII.
1821 925 2205 970 Superscriptionibus
2230 936 2293 970 pa-

367 985 476 1029 ginae
502 987 625 1020 rectae
652 987 779 1020 carent
804 996 937 1025 omnes,
964 984 1055 1019 item
1080 995 1206 1019 versae
1232 986 1389 1029 excepta
1414 986 1515 1028 quat.
1535 984 1713 1018 XXXIIII
1738 983 1761 1017 f.
1781 983 1823 1026 2¹,
1855 982 1921 1018 ubi
1953 985 2010 1018 est
2031 985 2180 1028 sLrBs
2196 985 2292 1027 U1s;

367 1043 431 1078 sed
455 1042 534 1077 fieri
558 1044 693 1087 potest,
719 1043 762 1076 ut
786 1041 972 1086 margines
997 1041 1085 1076 olim
1111 1041 1265 1076 latiores
1290 1040 1428 1076 fuerint
1452 1043 1616 1077 resectae
1642 1053 1664 1076 a
1689 1040 1918 1087 glutinatore
1942 1039 2156 1086 posteriore.
2176 1061 2220 1065 —
2239 1040 2295 1074 Ad

367 1099 514 1134 litteras
539 1099 637 1143 quod
663 1098 816 1140 attinet,
850 1099 1101 1133 adnotandum
1131 1100 1187 1132 est
1218 1098 1315 1134 inter
1339 1097 1564 1133 maiusculas
1590 1098 1719 1133 solitas
1751 1097 1955 1142 aliquoties
1979 1097 2134 1143 reperiri
2158 1098 2295 1133 formas

367 1171 389 1192 a
415 1159 453 1193 et
480 1157 490 1191 ἶ
516 1158 572 1200 (ut
596 1156 627 1200 8,
642 1158 672 1198 5,
687 1157 740 1197 20,
756 1157 776 1190 8
801 1156 940 1201 legitur
964 1157 1255 1200 rnnnossndnnn).
1275 1176 1317 1180 -—
1336 1156 1406 1191 Per
1423 1158 1544 1191 totum
1563 1156 1733 1191 volumen
1759 1158 1796 1191 et
1821 1155 1981 1191 maxime
2006 1155 2045 1190 in
2070 1155 2165 1191 libro
2191 1158 2295 1191 sexto

367 1215 509 1251 adustis
530 1214 760 1260 marginibus
778 1213 1021 1249 exterioribus
1038 1213 1227 1258 perierunt
1251 1213 1390 1258 passim
1415 1213 1453 1247 in
1478 1212 1627 1259 paginis
1650 1213 1762 1248 rectis
1785 1212 1936 1249 litterae
1956 1214 2165 1258 postremae
2183 1224 2294 1257 quae-

367 1285 448 1317 que,
474 1272 615 1318 primae
641 1272 679 1306 in
704 1271 852 1317 paginis
879 1271 1001 1305 versis
1051 1271 1250 1306 Praeterea
1274 1271 1459 1316 margines
1484 1273 1522 1306 et
1546 1270 1703 1316 fuligine
1728 1271 1946 1306 obscuratae
1972 1273 2057 1306 sunt
2083 1273 2120 1306 et
2144 1271 2292 1316 supple-

367 1330 502 1366 mentis
529 1329 671 1364 Cuiacii
697 1341 808 1364 manu
833 1328 1032 1373 adscriptis
1059 1340 1131 1364 non
1156 1340 1238 1363 raro
1264 1327 1441 1372 antiquae
1467 1327 1673 1372 scripturae
1705 1328 1967 1373 superpositis,
1999 1327 2158 1372 denique
2182 1340 2295 1364 reme-

368 1386 428 1422 dio
455 1386 620 1421 chemico
650 1386 783 1421 coloris
810 1386 936 1420 viridis
967 1386 1045 1420 sine
1077 1386 1156 1420 ulla
1181 1385 1350 1421 utilitate
1375 1385 1607 1431 marginibus
1632 1385 1796 1421 inducto.
1845 1386 1903 1420 Ad
1928 1385 2182 1421 dubitationes
2207 1385 2294 1420 hinc

368 1447 468 1479 ortas
493 1444 687 1479 solvendas
705 1443 849 1479 Cuiacii
866 1446 993 1478 textus
1011 1442 1128 1486 (cuius
1152 1446 1278 1478 tamen
1302 1442 1483 1479 lectiones
1508 1443 1671 1488 potiores
1697 1442 1736 1477 in
1761 1445 1986 1488 apparatum
2002 1443 2147 1488 rettuli)
2164 1455 2295 1489 parum

368 1502 526 1542 confert,
559 1513 784 1546 quamquam
814 1500 845 1535 is
876 1501 1013 1535 librum
1038 1500 1220 1536 tractavit
1249 1500 1369 1535 minus
1394 1502 1624 1546 corruptum,
1657 1501 1815 1536 fluctuat
1845 1501 1942 1535 enim
1974 1501 2072 1537 inter
2095 1500 2296 1537 lectionem

368 1561 406 1595 et
431 1559 694 1595 coniecturam.
737 1558 909 1604 Exempli
935 1570 1046 1593 causa
1071 1558 1171 1601 6,27‚
1188 1558 1239 1600 16,
1256 1559 1274 1592 7
1301 1558 1349 1593 ad
1374 1557 1413 1592 id
1438 1558 1536 1602 quod
1560 1557 1739 1593 remansit
1764 1562 1826 1593 tur
1851 1558 2023 1594 Cuiacius
2049 1558 2210 1604 primum
2235 1559 2296 1594 ad-

369 1616 517 1662 scripsit
541 1616 645 1659 dona,
671 1615 803 1651 deinde
822 1627 907 1650 vero
933 1616 1192 1661 supplemento
1218 1618 1365 1661 reperto
1390 1616 1496 1660 frum
1520 1615 1611 1651 item
1635 1617 1735 1658 6,35‚
1753 1616 1804 1658 10,
1819 1617 1841 1650 4
1866 1628 1933 1662 pro
1959 1616 2120 1653 lectione
2144 1616 2297 1660 honoris,

368 1687 463 1719 quae
481 1685 705 1718 quamquam
723 1672 859 1709 litteris
877 1673 1044 1709 evanidis
1061 1674 1182 1708 adhuc
1200 1673 1373 1715 cernitur,
1400 1673 1600 1718 adscripsit
1622 1673 1782 1719 primum
1811 1674 1978 1718 ammoneris,
2006 1674 2138 1710 deinde
2157 1674 2295 1708 laboris.

368 1732 643 1767 Elementorum
667 1731 942 1776 deperditorum
968 1743 1138 1766 numerus
1168 1734 1211 1766 ut
1235 1730 1482 1776 probabiliter
1507 1731 1789 1773 determinetur,
1823 1730 2058 1768 retinendum
2087 1733 2144 1767 est
2174 1731 2297 1778 singu-

369 1790 489 1824 larum
515 1788 823 1824 constitutionum
849 1788 986 1834 primos
1005 1801 1129 1824 versus
1155 1788 1314 1824 eminere
1340 1790 1378 1824 et
1403 1800 1476 1823 nna
1502 1788 1690 1825 duabusve
1715 1788 1855 1825 litteris
1877 1788 2063 1835 longiores
2088 1800 2166 1825 esse
2185 1800 2297 1833 quam

368 1847 547 1891 reliquos;
582 1846 673 1882 item
704 1846 842 1882 iustam
874 1846 1161 1892 diremptionem
1186 1846 1451 1881 vocabulorum
1477 1845 1720 1891 syllabariani
1755 1847 1886 1892 paucis
1916 1845 2008 1882 locis
2041 1845 2207 1892 exceptis
2238 1846 2297 1890 (de

370 1904 504 1948 quibus
523 1904 719 1939 videantur
736 1903 1042 1950 orthographica)
1061 1916 1083 1938 a
1100 1903 1253 1938 librario
1277 1903 1398 1948 perito
1422 1904 1658 1939 observatam
1683 1915 1771 1939 esse.
1808 1904 1860 1940 De
1878 1903 2046 1940 hiatibus
2063 1903 2164 1939 hisce
2182 1903 2298 1939 minu-

370 1962 435 2005 tis,
467 1961 531 2006 qui
560 1961 624 1996 ubi
655 1961 779 1997 adsint
810 1962 926 1997 editio
952 1962 1135 2003 declarat,
1168 1964 1210 1996 ut
1243 1960 1378 1996 certius
1409 1960 1610 2002 indicetur,
1643 1973 1724 1996 cum
1750 1973 1876 1996 eorum
1900 1961 1997 1996 ratio
2023 1961 2099 1996 alia
2123 1960 2161 1996 in
2186 1961 2298 1997 rectis

370 2019 429 2062 sit,
457 2019 533 2054 alia
559 2019 596 2053 in
614 2019 738 2061 versis,
765 2019 902 2054 codicis
928 2019 1085 2064 paginas
1110 2019 1158 2054 ad
1184 2030 1284 2053 oram
1309 2018 1484 2054 editionis
1510 2019 1699 2054 adnotavi.
1741 2020 1783 2053 In
1807 2018 1957 2065 paginis
1976 2018 2089 2054 versis
2112 2018 2299 2055 mutilatis

371 2077 415 2112 de
440 2087 591 2111 numero
616 2076 827 2111 litterarum
852 2077 1067 2111 adustarum
1086 2077 1143 2111 vel
1169 2077 1449 2111 obscuratarum
1466 2088 1548 2111 raro
1575 2076 1739 2111 dubitari
1764 2078 1890 2121 potest
1899 2090 1906 2118 ;
1931 2076 2054 2111 minus
2078 2076 2123 2111 de
2149 2087 2191 2111 eo
2217 2087 2299 2111 con—

370 2135 447 2168 stat
471 2133 509 2168 in
534 2133 721 2169 mutilatis
746 2134 867 2176 rectis,
894 2134 1068 2179 quoniam
1098 2133 1274 2169 librarius
1299 2134 1337 2168 in
1364 2134 1530 2170 versibus
1555 2133 1728 2170 extremis
1754 2134 1893 2180 passim
1917 2133 2056 2169 litteris
2082 2133 2299 2179 contignan-

371 2191 427 2225 dis
452 2193 518 2226 aut
543 2191 581 2225 in
606 2192 811 2237 marginem
835 2203 1028 2227 excurrens
1059 2203 1250 2227 numerum
1276 2192 1381 2227 auxit
1406 2194 1472 2227 aut
1503 2203 1522 2226 e
1549 2191 1732 2227 contrario
1759 2191 1906 2236 syllaba
1930 2190 2097 2237 longiore
2122 2193 2299 2235 sequente

371 2248 535 2293 spatium
561 2249 745 2293 quoddam
772 2261 928 2284 vacuum
953 2249 1118 2294 reliquit.
1142 2270 1185 2274 —
1211 2249 1322 2285 Liber
1345 2250 1506 2295 scriptus
1532 2251 1588 2285 est
1613 2250 1742 2285 eodem
1767 2250 1841 2285 fere
1867 2249 1982 2284 ductu
2008 2250 2094 2294 (non
2119 2250 2219 2285 recte
2245 2248 2301 2284 ait

371 2306 573 2341 Haenelius
603 2306 688 2342 inde
718 2318 740 2341 a
771 2319 804 2351 q.
822 2307 867 2341 42
900 2307 1094 2343 succedere
1125 2307 1321 2342 librarium
1351 2307 1471 2342 minus
1502 2306 1679 2353 peritum;
1718 2318 1799 2342 vere
1833 2307 1862 2348 7,
1877 2307 1909 2348 8,
1927 2307 2014 2348 16,3
2046 2307 2106 2341 uel
2133 2309 2302 2350 parentes

373 2363 558 2408 scriptura
580 2366 761 2408 mutatur)
785 2364 977 2409 splendide
1000 2364 1148 2399 omnino
1166 2364 1305 2400 litteris
1328 2365 1496 2410 pulchris
1519 2367 1557 2400 et
1580 2364 1725 2410 magnis
1743 2364 1781 2399 iu
1799 2366 1915 2405 textu,
1941 2363 2112 2399 maximis
2130 2363 2169 2398 in
2185 2362 2301 2398 rubri-

374 2421 436 2462 cis,
462 2421 527 2456 uhi
552 2421 657 2456 tituli
682 2421 816 2456 finiunt
840 2421 1043 2457 maioribus
1068 2422 1279 2458 intervallis
1305 2422 1433 2457 vacuis
1457 2422 1610 2457 relictis.
1654 2421 1799 2468 Pagina
1823 2422 1936 2467 plena
1960 2422 2077 2457 habet
2103 2432 2228 2457 versus
2245 2420 2300 2463 30,

374 2490 499 2514 versus
517 2478 664 2514 litteras
680 2479 726 2513 40
743 2479 788 2514 ad
807 2480 861 2513 45.
880 2499 923 2504 —
942 2479 1202 2521 Numerantur,
1228 2482 1271 2515 ut
1289 2491 1400 2525 supra
1419 2480 1467 2525 (p.
1484 2480 1587 2520 XIII)
1606 2479 1692 2521 dixi,
1710 2479 1898 2520 rubricae;
1924 2478 2209 2514 constitutiones
2229 2489 2302 2513 non

373 2538 612 2571 numerantur
628 2539 786 2581 excepta
804 2536 958 2572 fortasse
976 2549 1049 2572 una
1067 2537 1097 2579 6,
1112 2539 1143 2580 2,
1161 2538 1212 2572 17.
1231 2557 1274 2562 -
1292 2537 1345 2573 De
1364 2536 1645 2582 orthographia,
1664 2548 1759 2581 quae
1777 2539 1833 2571 est
1851 2535 2004 2581 optima,
2023 2535 2100 2570 dixi
2119 2535 2156 2570 in
2176 2535 2300 2581 capite

373 2605 478 2628 nono.
499 2613 539 2618 —
557 2593 861 2629 Emendationem
884 2606 1014 2629 manus
1037 2595 1181 2630 alienae
1207 2595 1361 2640 antiquo
1385 2597 1550 2640 tempore
1574 2594 1670 2630 liber
1689 2594 1830 2629 nullam
1857 2593 1989 2635 snbiit;
2015 2605 2110 2638 quae
2136 2595 2302 2629 correcta

375 2654 460 2686 sunt
485 2651 542 2686 vel
568 2650 716 2686 adiecta
747 2651 817 2686 etsi
843 2651 979 2687 litteris
1006 2652 1266 2697 gracilioribus
1291 2652 1432 2697 scripta
1458 2664 1535 2688 esse
1561 2652 1691 2696 solent,
1719 2651 2001 2697 proficiscuntur
2025 2652 2072 2686 ab
2097 2650 2180 2696 ipso
2205 2649 2301 2686 codi-

376 2708 427 2742 cis
452 2708 642 2753 scriptore.
666 2729 709 2733 —
735 2708 980 2744 Contulerunt
1003 2709 1139 2744 librum
1163 2712 1247 2755 post
1267 2709 1459 2745 Cuiacium
1480 2712 1517 2745 et
1535 2708 1802 2745 Gothofredum
1820 2709 1961 2745 Haenel
1980 2709 2027 2751 (a.
2044 2708 2158 2752 1837),
2180 2707 2301 2743 Baudi

376 2778 397 2800 a
414 2765 546 2801 Vesme
573 2766 651 2809 (qui
678 2766 769 2802 adeo
795 2767 1054 2812 apographum
1078 2767 1157 2802 eius
1182 2766 1467 2812 diligentissime
1494 2766 1653 2803 confecit
1687 2767 1734 2802 ab
1759 2766 1841 2812 ipso
1867 2765 2076 2801 exhibitum
2099 2765 2301 2811 Kruegero,

376 2822 507 2858 deinde
526 2823 572 2857 ab
592 2823 670 2858 eius
686 2823 762 2858 filio
780 2823 938 2870 benigne
956 2824 1048 2859 mihi
1067 2824 1350 2868 transmissum),
1369 2824 1507 2859 Paulus
1525 2825 1691 2871 Krueger
1708 2825 1753 2869 (a.
1770 2824 1884 2868 1869),
1909 2823 2118 2869 nuperrime
2136 2825 2184 2867 (a.
2201 2823 2303 2868 1899)

377 2892 455 2926 ego.
504 2881 583 2916 Hac
608 2883 734 2916 nostra
760 2893 882 2926 opera,
909 2881 1068 2918 maxime
1093 2881 1238 2924 Baudii,
1264 2881 1517 2927 antiquiorum
1541 2893 1678 2917 errores
1703 2893 1773 2917 non
1801 2880 1912 2927 pauci
1937 2880 2078 2917 sublati
2103 2883 2200 2916 sunt.

500 3007 704 3042 Vaticanus
720 3007 871 3052 reginae
890 3008 984 3044 liber
1001 3009 1067 3044 886
1084 3010 1141 3053 (=
1159 3009 1300 3045 Haenel
1317 3010 1361 3053 4),
1388 3021 1410 3044 a
1427 3020 1500 3053 quo
1525 3009 1563 3043 in
1588 3007 1695 3043 libris
1713 3007 1960 3043 Theodosiani
1985 3009 2070 3043 octo
2092 3006 2303 3054 posteriori-

379 3063 446 3098 bus
472 3063 672 3109 praecipue
698 3066 736 3099 et
762 3065 978 3109 plerumque
1005 3066 1096 3100 adeo
1119 3066 1197 3100 solo
1215 3066 1426 3111 pendemus,
1452 3065 1548 3100 unde
1567 3064 1703 3106 veniat,
1730 3075 1861 3109 parum
1879 3066 2021 3100 certum
2039 3067 2106 3101 est.
2145 3063 2303 3100 Faciunt

381 3121 411 3154 si
442 3132 513 3155 non
544 3122 591 3156 ad
617 3121 811 3167 originem,
845 3125 943 3157 certe
969 3123 1016 3157 ad
1041 3122 1270 3158 domicilium
1296 3123 1373 3158 eius
1399 3122 1596 3168 pristinum
1622 3121 1884 3156 declarandum
1909 3122 2056 3168 glossae
2080 3120 2304 3168 marginales

384 3178 565 3221 quaedam
579 3180 602 3222 ¹)
627 3178 838 3224 adscriptae
864 3179 911 3214 ad
936 3179 1048 3214 libros
1074 3180 1164 3215 duos
1189 3180 1367 3225 gemellos
1391 3191 1485 3215 saec.
1504 3178 1536 3212 X
1562 3178 1670 3214 ambo
1696 3178 1971 3216 Berolinensem
1987 3177 2303 3224 Phillippsianum

501 3294 524 3336 ¹)
552 3296 613 3337 Egi
639 3297 679 3328 de
710 3297 751 3329 iis
783 3298 816 3329 in
842 3298 919 3340 eph.
945 3298 1173 3340 Saviguianae
1206 3299 1312 3341 partis
1337 3299 1431 3331 Rom.
1455 3297 1521 3331 vol.
1539 3295 1580 3328 21
1609 3308 1641 3340 p.
1660 3295 1743 3338 385,
1774 3297 1832 3330 sed
1863 3297 2047 3330 destitutus
2079 3301 2152 3329 tum
2181 3296 2304 3329 notitia

382 3349 469 3382 quac
495 3342 665 3375 sufficeret
689 3343 814 3375 codicis
838 3344 996 3376 l‘arisini.
