2501 3615
956 171 997 178 —-—
1047 147 1217 187 CCCLIX
1265 169 1310 175 —-

171 264 231 299 *O
252 263 283 297 V
420 273 454 306 q.
473 262 494 296 3
519 271 548 295 c.
566 261 587 294 2
625 274 668 288 =
732 287 745 300 „
787 257 890 293 Paul.
909 257 952 297 V,
975 257 1026 299 18,
1046 257 1086 290 11
1117 255 1185 290 int.

197 321 234 356 C.
254 319 376 355 XXIV
424 331 458 363 q.
477 318 498 352 3
524 330 554 352 c.
572 320 592 351 6
618 317 639 361 ξ
665 320 672 349 1
703 316 905 359 quicunque
930 335 970 340 —
997 313 1193 348 iudicatum
1219 328 1261 341 =
1287 312 1344 346 Br.
1366 311 1467 346 Paul.
1487 310 1530 351 V,
1549 310 1579 350 5,
1599 311 1631 343 6.

172 379 232 413 *0.
253 377 354 412 XXX
425 388 459 420 q.
478 378 498 410 5
525 388 554 410 c.
576 377 612 408 11
643 373 757 408 habet
783 372 959 408 nonnulla
985 383 1027 406 ex
1057 371 1111 404 ΒΥ.
1131 370 1196 403 Th.
1220 370 1261 410 ΙΙ,
1282 370 1334 409 18,
1360 372 1369 403 l
1400 372 1437 403 et
1463 368 1529 402 int.

195 436 234 470 C.
255 434 396 469 XXXII
421 445 455 477 q.
475 433 492 465 ’ἲ
522 444 550 467 c.
570 433 614 466 *25
639 435 678 466 et
704 431 748 465 26
774 446 812 459 =
842 431 897 464 Er.
919 429 1022 464 Paul.
1044 429 1086 468 ΙΙ,
1105 428 1160 467 20,
1179 429 1197 460 4
1226 430 1263 461 et
1289 427 1355 460 int.

197 493 235 528 C.
256 491 394 527 XXXV
420 504 454 534 q.
473 493 494 524 ι’)
521 502 549 524 c.
569 491 589 523 6
615 504 658 518 =
685 489 742 524 ΒΓ.
761 488 864 522 Paul.
886 487 946 527 lv,
970 489 1019 523 10,
1040 486 1133 520 1-8
1163 496 1243 519 cum
1270 483 1354 518 intt.

423 560 457 592 q.
477 549 497 582 {3
522 560 551 582 c.
573 550 587 581 1
610 547 672 581 cfr.
706 575 718 587 π
763 546 832 580 Th.
852 544 913 587 IX,
932 546 963 584 4,
982 544 1002 577 ²2
1029 546 1066 578 et
1092 543 1159 577 int.

669 650 719 683 Ex
745 649 840 683 libi-0
866 648 1009 682 decimo
1035 649 1138 681 sexto
1164 644 1413 679 Theodosi-ani
1439 642 1608 687 genuini:

196 722 233 757 O.
253 721 376 755 XXIII
402 732 436 764 q.
455 722 476 753 5
502 735 530 754 c.
550 720 593 753 23
620 719 658 752 ιἰι7
683 717 835 761 qnalibet
862 736 903 740 —
931 715 1145 749 decrevimus
1174 728 1212 742 =
1241 713 1308 746 Th.
1329 711 1424 752 XVI,
1443 714 1474 755 2,
1497 712 1546 745 16.
1573 711 1627 744 26.

197 779 235 814 C.
255 778 357 813 XXV
405 790 440 822 q.
457 778 478 812 2
506 789 534 811 c.
553 777 598 811 20
625 791 665 805 =
692 775 760 809 Th.
779 774 876 815 XVI,
895 773 925 814 2,
945 774 998 807 29.
1018 773 1071 806 30.
1090 772 1144 806 34.

914 875 967 910 Ex
993 875 1156 920 epitome
1182 872 1368 907 Parisina:

176 951 240 987 *0.
260 951 293 985 ΙΙ
336 963 371 995 q.
389 951 410 984 6
437 963 465 985 c.
486 952 503 984 1
524 953 562 985 et
579 950 600 983 2
626 964 668 977 =
695 947 759 992 Ep.
779 947 860 981 Par.
880 946 947 979 Th.
966 945 1028 985 XI,
1046 946 1077 985 8,
1100 945 1127 977 1.
1146 944 1177 977 2.

411 1010 465 1043 *0.
484 1008 529 1042 20
629 1021 671 1035 =
725 1033 738 1048 ,‚
817 1032 829 1046 „
909 1031 922 1044 „
966 1001 1029 1041 XI,
1047 1002 1079 1043 S,
1098 1003 1130 1035 3.

176 1066 312 1103 *C.111
338 1079 372 1111 q.
390 1067 411 1101 6
437 1079 466 1101 c.
488 1065 530 1100 18
630 1080 673 1093 =
726 1091 739 1105 ‚,
816 1089 831 1106 „
910 1089 924 1103 „
968 1059 1031 1102 IX,
1052 1061 1082 1094 1.

177 1124 296 1160 *GV
335 1125 504 1168 q.6c.5
559 1122 623 1157 cfr.
721 1149 734 1163 ‚,
813 1148 826 1162 „
906 1148 919 1161 „
963 1118 1108 1160 X‚5,1.

784 1224 837 1258 Ex
863 1220 1193 1258 constitutionibus
1218 1217 1500 1254 Sirmondianis:

203 1299 241 1334 C.
258 1298 310 1333 XI
337 1310 371 1342 q.
391 1299 407 1332 1
436 1310 465 1333 c.
484 1299 505 1331 5
531 1312 572 1326 =
599 1298 714 1331 const.
732 1296 753 1329 3
777 1294 953 1329 continua
978 1293 1049 1337 leye
1075 1312 1119 1316 —
1144 1290 1284 1334 leyibus.

433 1367 462 1390 c.
481 1355 525 1390 35
556 1357 594 1390 et
624 1356 668 1388 36
700 1369 742 1382 =
775 1355 889 1388 const.
916 1353 932 1386 1
971 1351 1183 1395 quwmnque
1214 1369 1257 1373 —
1289 1347 1515 1392 diriycaentm·;
1549 1354 1669 1379 omncs
1703 1343 1823 1386 itaque
1856 1363 1893 1367 —
1925 1342 2108 1384 firmamus

871 1409 1021 1454 [Conrat
1046 1408 1072 1449 I,
1090 1408 1157 1442 379
1168 1405 1205 1451 3].

297 1494 400 1534 Quae
434 1491 707 1537 Paucapalea‘)
745 1490 783 1524 in
815 1488 964 1524 Summa
1001 1487 1048 1521 ad
1078 1485 1277 1520 Decretum
1309 1480 1481 1516 Gratiani
1515 1479 1576 1522 (ad
1606 1491 1634 1513 c.
1661 1480 1700 1512 11
1739 1478 1782 1512 D.
1808 1478 1841 1521 1)
1879 1476 1988 1517 dicit,
2027 1488 2108 1511 cum

2207 1477 2253 1510 Su
2259 1489 2288 1508 m
2293 1488 2348 1509 ma

181 1552 390 1598 fragmento
421 1561 465 1585 ex
489 1549 681 1584 Breviario
709 1547 826 1593 [Paul.
847 1546 889 1588 V,
908 1546 963 1587 28,
983 1544 1016 1589 1]
1051 1541 1272 1579 conferenda
1305 1540 1403 1574 sunt.
1452 1538 1554 1572 Inter
1588 1536 1665 1571 alia
1697 1547 1781 1570 vero
1815 1534 1928 1569 etiam
1962 1536 2111 1569 verbum
2148 1524 2402 1566 Pffl‘ffllmleste·

181 1609 446 1655 imperatorem
477 1607 517 1641 in
545 1605 696 1652 ‘regem‘
724 1607 911 1640 mutatum
943 1606 1009 1639 est.
1059 1601 1113 1636 Ex
1142 1611 1214 1644 quo
1248 1600 1399 1634 auctore
1430 1594 1669 1640 Paucapalea
1702 1594 1799 1628 hunc
1831 1595 1974 1628 textum
2007 1592 2113 1626 valde

181 1668 428 1713 depravatum
452 1665 619 1700 hauserit
643 1664 778 1699 nescio.

283 1723 468 1758 Rufinum
494 1725 532 1758 et
557 1722 758 1757 Iohannem
776 1719 1025 1755 Faventinum
1051 1719 1089 1752 et
1112 1716 1314 1751 Iohannem
1333 1713 1539 1757 Hispanum
1565 1721 1682 1754 aeque
1708 1721 1750 1744 ac
1777 1709 1870 1744 alios
1896 1708 1985 1742 iuris
2011 1718 2115 1742 cano-

182 1782 259 1817 uici
283 1781 434 1817 scholae
458 1779 702 1816 Bononiensis
726 1778 926 1824 magistros
955 1786 1076 1820 neque
1104 1772 1333 1808 Breviarium
1362 1781 1481 1814 neque
1507 1768 1805 1803 Theodosi-anum
1830 1766 2029 1811 genuinum
2055 1777 2116 1798 un-

183 1851 296 1884 quam
322 1838 460 1874 vidisse
487 1840 642 1873 constat.
692 1835 830 1876 Quodsi
855 1833 1006 1868 Rufinus
1018 1834 1044 1877 ²)
1072 1831 1119 1867 ad
1145 1843 1174 1866 c.
1193 1831 1214 1864 ‘2
1239 1830 1280 1864 D.
1301 1830 1318 1863 7
1346 1827 1462 1863 etiam
1487 1825 1737 1861 Theodosiani
1763 1823 1988 1859 mentionem
2013 1822 2115 1863 facit,

182 1897 254 1932 hoc
279 1908 324 1932 ex
342 1896 540 1932 Iustiniani
559 1894 826 1931 constitutione
850 1893 907 1927 ‘de
933 1902 1028 1926 novo
1055 1889 1182 1925 codice
1206 1886 1388 1923 faciendo’
1414 1885 1553 1920 habere
1572 1883 1718 1918 videtur
1736 1894 1779 1917 ex
1797 1882 1997 1924 eodemque
2016 1880 2116 1914 fonte

185 1955 301 1998 auxit,
319 1966 415 2000 quae
434 1954 635 1991 Gratianus
662 1964 705 1987 ex
722 1952 818 1986 libro
837 1949 969 1985 Isidori
986 1947 1308 1993 Etymologiarum
1327 1942 1538 1988 assumpsit.
1580 1942 1778 1976 Praeterea
1804 1939 1839 1974 C.
1860 1940 1892 1973 II
1918 1952 1952 1983 q.
1967 1940 1987 1973 6
2013 1952 2041 1972 c.
2060 1938 2115 1982 26,

185 2013 284 2058 quod
300 2024 339 2048 re
357 2024 445 2048 vera
469 2024 513 2048 ex
530 2010 844 2057 interpretatione
861 2009 908 2044 ad
928 2007 1086 2043 Paulum
1106 2006 1148 2047 V,
1167 2006 1221 2046 3&
1243 2007 1259 2038 1
1285 2004 1461 2038 haustum
1487 2003 1554 2042 est,
1581 1998 1838 2034 Theodosiano
1864 1996 2008 2037 tribuit,
2027 1995 2116 2039 quia

185 2071 252 2106 ille
277 2082 396 2106 canon
420 2070 521 2116 apud
547 2069 768 2105 Gratianum
796 2066 1042 2111 inscriptione
1064 2065 1122 2099 ‘ex
1145 2063 1294 2109 legibus
1319 2055 1599 2096 Theodosianis'
1624 2056 1817 2103 praeditus
1843 2057 1908 2090 est.
1948 2053 2115 2097 Denique

186 2129 226 2164 in
264 2128 301 2164 C.
318 2128 371 2164 VI
396 2129 471 2172 q.2
497 2139 526 2162 c.
547 2128 564 2161 1
597 2126 720 2172 legem
752 2123 953 2160 Theodosii
986 2122 1231 2165 ‘Quicumque
1261 2115 1377 2155 litem‘
1409 2116 1578 2158 adducit,
1616 2115 1679 2151 sed
1715 2113 1893 2149 notitiam
1923 2112 2000 2147 eius
2037 2110 2114 2145 solo

186 2185 367 2222 Gratiano
393 2185 442 2231 [C.
461 2185 512 2219 XI
537 2196 572 2228 q.
594 2185 609 2218 1
638 2195 666 2218 c.
685 2183 742 2228 35]
770 2183 890 2218 debet.
941 2181 1016 2216 Lex
1041 2179 1110 2214 illa
1135 2177 1335 2213 Theodosii
1365 2187 1438 2210 non
1469 2174 1546 2209 alia
1571 2185 1682 2217 quam
1713 2172 1834 2217 prima
1860 2168 2116 2204 Sil-mondiana

188 2243 408 2280 constitutio
439 2245 511 2285 est,
542 2254 616 2286 qua
646 2241 831 2276 Breviarii
870 2239 1014 2275 codices
1044 2237 1198 2282 quidam
1234 2236 1309 2270 iam
1340 2232 1570 2278 temporibus
1599 2229 1790 2265 Benedicti
1822 2227 1977 2262 Levitae
2014 2225 2115 2261 aucti

187 2305 305 2337 erant.
353 2302 414 2336 Ita
438 2301 554 2336 etiam
581 2299 824 2340 Faventinus,
850 2300 893 2333 ut
918 2296 1086 2332 Schultio
1113 2295 1350 2330 adversemur
1360 2294 1403 2335 3),
1436 2302 1530 2335 quae
1557 2290 1636 2334 ipsc
1661 2288 1705 2323 de
1732 2286 1986 2321 Theodosiano
2014 2284 2116 2325 dicit,

186 2371 261 2395 non
285 2371 330 2395 ex
354 2359 531 2405 originali
557 2359 621 2394 sed
645 2360 795 2393 tantum
821 2368 864 2391 ex
882 2355 1061 2391 Gratiano
1078 2353 1260 2397 librisque
1277 2349 1476 2386 Iustiniani
1494 2347 1631 2383 hausit.
1673 2345 1832 2390 Scripsit
1858 2343 1906 2378 ad
1932 2342 1967 2376 C.
1988 2342 2020 2375 II
2046 2354 2079 2384 q.
2098 2342 2118 2375 6

189 2428 219 2452 c.
237 2418 395 2458 20-27,
413 2427 485 2461 quo
502 2416 584 2452 loco
603 2415 805 2451 Gratianus
821 2413 1000 2449 nonnulla
1022 2425 1065 2448 ex
1082 2411 1274 2447 Breviario
1293 2409 1461 2455 praebet,
1487 2418 1613 2441 omnes
1636 2405 1729 2439 istas
1748 2403 1849 2447 leges
1875 2405 1953 2436 tum
1978 2399 2118 2434 nullam

190 2475 267 2510 vim
296 2475 435 2511 habere
463 2486 533 2510 nec
562 2474 602 2509 in
627 2473 827 2509 Iustiniani
853 2472 981 2508 codice
1006 2470 1175 2516 reperiri,
1209 2468 1295 2504 dein
1326 2467 1373 2502 ad
1398 2478 1426 2501 c.
1446 2466 1490 2499 24
1516 2464 1594 2499 eod.
1622 2474 1666 2497 ex
1691 2461 1806 2496 Paulo
1833 2471 1914 2494 cum
1940 2457 2119 2492 Gratiano

189 2533 345 2569 titulum
373 2533 433 2568 ‘de
459 2530 710 2568 cautionibus‘
735 2542 779 2566 ex
804 2529 931 2565 codice
957 2527 1218 2563 Theodosiano
1243 2525 1440 2564 memorat,
1478 2521 1541 2556 sed
1573 2519 1734 2554 affirmat
1765 2517 1859 2551 hunc
1893 2514 2045 2550 titulum
2082 2513 2119 2547 in

187 2590 392 2626 ‘codicibus
416 2589 563 2626 nostris’
590 2589 628 2623 id
660 2591 716 2624 est
747 2588 786 2622 in
811 2586 1018 2622 Iustiniano
1049 2596 1122 2619 non
1148 2595 1236 2619 esse.
1286 2582 1476 2617 Postremo
1504 2578 1550 2613 ad
1577 2578 1612 2612 C.
1631 2576 1682 2610 XI
1708 2588 1742 2619 q.
1763 2577 1777 2608 1
1807 2586 1834 2608 c.
1853 2575 1896 2608 35
1921 2571 2119 2607 secundum

190 2647 411 2684 Gratianum
428 2647 550 2693 legem
567 2646 612 2681 de
630 2645 887 2680 Theodosiano
906 2643 1033 2678 codice
1056 2643 1219 2676 tractam
1244 2650 1321 2674 esse
1349 2636 1540 2672 contendit
1567 2636 1604 2669 et
1629 2635 1817 2667 auctorem
1843 2642 1946 2663 suum
1973 2630 2119 2663 secutus

192 2705 442 2742 Theodosiam'
467 2705 570 2750 leges
594 2702 706 2739 hodie
728 2714 802 2737 non
826 2700 1015 2736 observari
1039 2699 1143 2739 dicit,
1168 2697 1239 2732 nisi
1257 2706 1352 2740 quae
1375 2695 1413 2728 in
1432 2692 1638 2727 Iustiniano
1658 2689 1900 2735 reperiantur.
1938 2686 2118 2721 Iohannes

191 2762 430 2808 Hispanus⁴),
465 2762 529 2807 qm'
555 2763 707 2797 auctore
733 2758 902 2794 Schultio
929 2757 1117 2792 Summam
1143 2753 1283 2789 decreti
1309 2751 1539 2796 Lipsiensem
1571 2748 1662 2793 [cod.
1686 2748 1752 2781 956
1779 2744 1869 2780 bibl.
1888 2743 1985 2778 univ.
2008 2741 2117 2786 [Aps]

193 2820 370 2861 confecit,
397 2831 517 2864 neque
543 2818 709 2854 codicem
734 2815 1032 2851 Theodosianum
1057 2824 1176 2856 neque
1203 2809 1433 2846 Breviarium
1459 2805 1674 2852 cognovisse
1700 2803 1861 2844 videtur,
1894 2811 2118 2845 quamquam

193 2889 277 2912 cum
294 2877 473 2912 Parisinis
499 2888 581 2912 eum
606 2874 879 2911 necessitudine
904 2873 1071 2907 iunctum
1089 2870 1201 2904 fuisse
1219 2869 1366 2913 putant.
1408 2866 1556 2900 Dictum
1583 2863 1631 2897 ad
1649 2862 1685 2896 C.
1705 2862 1737 2895 II
1763 2874 1796 2904 q.
1813 2862 1832 2895 6
1865 2871 1894 2893 c,
1912 2860 1954 2892 21
1980 2857 2119 2891 Faven-

193 2935 274 2970 tino
304 2934 432 2976 debet,
467 2933 570 2968 cuius
600 2944 743 2967 summa
773 2931 933 2966 maxime
965 2929 1156 2969 utebatur,
1188 2927 1278 2961 item
1312 2925 1351 2958 in
1382 2923 1474 2964 illis,
1505 2932 1600 2965 quae
1633 2919 1678 2954 ad
1711 2918 1748 2953 C.
1767 2916 1925 2951 XXXIII
1951 2927 1985 2958 q.
2004 2918 2024 2948 2
2050 2926 2080 2949 c.
2098 2915 2119 2947 ὅ

313 3051 339 3092 ²)
364 3051 413 3084 ed.
440 3050 581 3083 Schulte
606 3048 705 3082 1890.
756 3050 813 3081 cfr.
842 3049 1003 3080 Maassen
1027 3046 1062 3078 in
1089 3054 1209 3077 comm.
1231 3043 1310 3074 min.
1330 3041 1429 3073 Vind.
1456 3040 1582 3079 XXXI,
1601 3036 1678 3069 496.

313 3108 340 3148 ²)
367 3109 427 3142 cfr.
453 3109 651 3148 editionem,
683 3117 784 3149 quam
816 3105 1009 3147 nuperrime
1035 3103 1156 3144 Singer
1181 3101 1313 3133 curavit
1339 3097 1551 3141 [l’aderborn
1579 3092 1689 3136 1902}
1738 3093 1805 3125 Hic
1830 3091 1954 3124 multos
1980 3100 2120 3129 errores,

196 3167 282 3199 quos
307 3155 446 3188 Schulte
471 3155 507 3186 iu
532 3155 680 3186 editione
705 3163 768 3184 sua
794 3152 986 3191 admiserat,
1013 3150 1149 3181 detexit.
1196 3147 1358 3179 Rufinum
1384 3142 1611 3177 'I'hcodosiani
1637 3140 1792 3173 notitiam
1818 3139 1976 3170 habuisse
2002 3137 2122 3178 Singos

197 3209 319 3235 contra
343 3201 535 3234 Schultium
560 3206 664 3242 negat
690 3196 836 3240 [Proleg.
863 3198 931 3236 CX,
958 3192 1123 3236 CLXIX].

196 3308 219 3340 h
244 3307 266 3339 b
295 3259 341 3314 θ’)
367 3259 507 3292 Schulte
538 3257 572 3289 in
598 3268 717 3289 comm.
737 3256 814 3287 min.
837 3255 935 3287 vind.
962 3254 1065 3291 LVII,
1084 3250 1152 3284 590
1176 3255 1210 3283 et
1234 3248 1300 3283 :393
1330 3253 1430 3291 putat
1456 3246 1682 3280 Faventinum
1706 3241 1936 3275 Theodosiani
1968 3240 2121 3272 notitiam

221 3318 243 3340 a
270 3316 370 3339 ulsse.

317 3363 345 3405 ⁴)
371 3362 509 3396 Schulte
534 3362 606 3394 eod.
632 3360 788 3401 LXVIII,
807 3357 850 3390 48
864 3369 929 3398 sqq
955 3357 1053 3393 idem,
1079 3355 1283 3388 Geschichte
1307 3353 1366 3385 der
1391 3351 1535 3392 Quellen
1561 3354 1623 3382 etc.
1649 3350 1674 3388 I,
1694 3345 1770 3381 510.

2152 1708 2307 1751 Rufinus.

2190 2281 2364 2314 Iohannes

2164 2328 2385 2361 Faventinus.

2186 2682 2360 2714 Iohannes

2172 2729 2364 2770 Hispanus.
