2485 3615
1170 120 1422 158 —CII—

471 226 572 274 pleni
598 225 763 263 codicem
790 228 888 263 certe
913 226 1028 262 libros
1053 224 1250 266 XII—XV,
1282 223 1532 270 probabiliter
1555 225 1578 259 1.
1593 224 1780 262 lX——XVI
1807 227 2131 273 complectentem,
2163 229 2256 273 puto

470 288 536 321 aut
571 297 654 320 eum
686 284 750 329 qui
783 295 880 319 nunc
915 287 972 319 est
998 282 1204 317 Vaticanus
1234 293 1310 327 reg.
1333 281 1401 317 886
1435 284 1501 317 aut
1534 281 1704 318 similem.
1762 285 1886 330 Ipsam
1919 284 2125 330 epitomen,
2161 296 2255 329 quae

470 344 627 378 scintilla
652 343 867 388 appellatur
890 341 1032 386 pariter
1053 342 1166 384 atque
1184 338 1378 375 Fuldensis
1395 340 1522 385 (supra
1538 352 1575 385 p.
1590 340 1643 385 C),
1669 341 1871 377 Haenelius
1895 341 2038 378 iudicat
2062 343 2261 378 formatam

470 413 547 438 esse
573 413 617 437 ex
641 400 850 446 Aegidiana
881 398 920 433 in
944 398 1094 444 regione
1120 397 1326 432 Turonensi
1351 397 1410 432 vel
1436 397 1713 441 Aurelianensi‚
1746 398 1923 444 quoniam
1955 400 2260 435 constitutionem

469 459 501 501 2,
519 458 604 500 15,1
632 457 716 493 inde
741 457 862 492 adfeit
885 455 1056 490 Aldricus
1082 454 1367 491 Cenomanensis
1393 454 1590 500 episcopus
1614 455 1653 490 in
1678 455 1923 493 instrumento
1949 469 1980 493 a.
1998 457 2076 492 838.

330 528 547 564 EPITOME
572 523 999 562 GVELFERBYTANA
1025 524 1183 567 (Haenel
1208 536 1243 569 p.
1265 524 1418 559 XXVII.
1444 524 1593 566 LXXX3
1621 524 1759 560 Conrat
1787 525 1934 570 Quellen
1960 527 1990 569 1,
2004 526 2099 568 231).

401 591 714 635 Guelferbytanus
731 587 1096 633 Weissenburgensis
1113 588 1157 622 97
1183 599 1278 623 saec.
1293 587 1344 622 IX
1369 587 1526 632 (Haenel
1552 588 1652 623 brev.
1670 589 1729 632 61)
1755 600 1866 633 quam
1892 589 2060 626 continet
2084 589 2262 625 breviarii

471 648 682 694 epitomam,
709 657 790 681 eam
817 645 1020 681 Haenelius
1045 644 1190 681 iudicat
1215 645 1355 681 factam
1381 657 1458 681 esse
1484 647 1570 691 post
1595 658 1626 682 a.
1646 647 1729 688 754,
1761 646 1936 691 quoniam
1960 646 2135 682 librarius
2161 646 2261 682 Chil-

469 705 592 741 derico
618 704 762 740 tribuat
787 715 901 739 annos
926 702 1069 745 novem,
1095 706 1182 739 ante
1209 715 1240 739 a.
1257 704 1334 747 769,
1360 703 1535 748 quoniam
1553 704 1682 740 Karoli
1702 704 1831 750 magni
1855 717 1927 741 non
1952 703 2139 746 meminit3
2164 715 2260 749 quae

468 763 529 797 vix
553 762 654 797 recte
681 760 829 796 videtur
853 759 1029 805 posuisse.
1079 760 1314 806 Subscriptio
1339 760 1527 806 epitomae
1557 761 1698 805 <implicit
1728 762 1814 796 liber
1836 761 2017 797 iuredicus
2042 772 2086 796 ex
2109 761 2260 796 diverso-

465 831 547 855 rum
570 818 755 854 sentenciis
780 817 979 853 elucidatas
1003 818 1133 854 eadem
1159 820 1215 853 est
1239 819 1353 862 atque
1378 817 1480 863 pleni
1506 817 1668 853 Parisini
1685 819 1777 854 4404
1795 834 1837 848 =
1855 818 1897 854 N
1920 820 1958 855 et
1983 819 2260 855 decurtatorum

467 876 628 912 Parisini
651 876 743 911 9652
768 877 807 911 et
831 874 1080 910 Berolinensis
1105 874 1336 921 Savigniani.
1378 875 1614 921 Epitomator
1638 875 1701 912 hic
1726 876 1869 922 pariter
1892 879 2006 921 atque
2029 875 2261 922 Aegidianus

467 933 619 970 admisit
645 932 773 978 capita
797 932 981 977 quaedam
1006 932 1208 968 adiecticia
1233 934 1360 978 (supra
1384 945 1419 978 p.
1440 933 1586 977 XCIII).

329 1004 542 1040 EPITOME
566 1002 793 1038 MONACHI
818 1002 974 1046 (Haenel
1000 1014 1035 1047 p.
1055 1002 1187 1036 XXIX.
1214 1002 1429 1048 LXXXIII).
1479 1003 1511 1037 A
1534 1002 1689 1047 reliquis
1715 1001 1892 1048 epitomis
1916 1003 2010 1039 haec
2044 1015 2087 1040 eo
2111 1003 2260 1040 nomine

467 1061 635 1102 discedit,
661 1060 761 1105 quod
785 1059 922 1105 passim
949 1060 1085 1095 adsunt
1109 1059 1412 1105 subscriptiones.
1462 1060 1612 1096 Habent
1637 1072 1719 1096 eam
1744 1060 1832 1096 libri
1858 1060 1914 1095 hi:

397 1122 645 1160 Berolinensis
684 1121 981 1168 Phillippsianus
1014 1122 1101 1158 1735
1141 1133 1236 1157 saec.
1260 1122 1416 1167 VIIIsIX
1454 1123 1612 1167 (Haenel
1652 1123 1750 1158 brev.
1777 1124 1840 1165 64;
1881 1124 1974 1160 Rose
2012 1125 2083 1160 cat.
2117 1137 2151 1161 n.
2179 1125 2261 1166 160;

467 1182 512 1217 cf.
538 1182 675 1217 Conrat
701 1181 820 1215 Neues
844 1180 977 1215 Archiv
1002 1180 1056 1222 24,
1075 1179 1159 1221 342;
1186 1180 1280 1215 Bull.
1307 1180 1345 1214 di
1370 1180 1494 1215 diruto
1519 1181 1685 1217 Romano
1711 1182 1751 1217 11
1780 1194 1814 1227 p.
1835 1183 1880 1227 7).

396 1239 586 1275 Parisinus
610 1238 702 1275 4403
719 1239 749 1273 B
775 1250 870 1274 saec.
889 1238 1043 1283 VIIIfIX
1070 1238 1226 1281 (Haenel
1251 1238 1352 1273 breV.
1371 1238 1440 1282 63).

397 1297 586 1332 Parisinus
609 1297 702 1332 4419
727 1307 822 1331 saec.
841 1296 873 1330 X
900 1295 1057 1338 (Haenel
1082 1295 1126 1331 23
1147 1311 1189 1325 =
1207 1296 1278 1340 62).
1327 1296 1370 1330 In
1395 1295 1477 1341 ipso
1503 1296 1598 1333 libro
1625 1297 1847 1334 adnotatum
1872 1302 1929 1335 est
1955 1298 2149 1334 Cuiacium
2175 1311 2260 1335 eum

466 1353 665 1390 contulisse
691 1366 722 1389 a.
744 1354 831 1388 1585
858 1353 1059 1397 eodemque
1084 1366 1171 1388 usus
1197 1356 1254 1389 est
1280 1352 1529 1389 Gothofredus
1555 1355 1711 1402 (proleg.
1730 1368 1766 1401 p.
1785 1356 1999 1400 CXXXIV).
2049 1356 2154 1392 Solus
2179 1368 2261 1392 con-

464 1412 561 1448 tinet
590 1411 700 1446 huius
731 1410 919 1456 epitomae
945 1411 1152 1456 prologum.
1202 1411 1292 1447 Post
1322 1411 1526 1457 epitomam
1557 1412 1727 1457 sequitur
1751 1416 1867 1459 caput
1898 1414 1940 1448 de
1963 1414 2206 1449 meretricibus
2229 1417 2263 1449 et

464 1469 634 1512 infamis:
657 1469 800 1512 placuit
828 1472 870 1502 ut
899 1469 1012 1503 nullis
1042 1479 1154 1504 rocem
1183 1470 1374 1504 meretricis
1398 1470 1553 1514 accipiat
1576 1471 1769 1505 meretrices
1792 1482 1883 1515 quae
1909 1471 2069 1507 adultere
2092 1475 2263 1506 vocantur

463 1531 506 1561 ut
531 1527 585 1561 leoe
607 1526 846 1561 Theodosiani
871 1526 1027 1570 (Haenel
1047 1526 1231 1572 cogitavit
1257 1527 1301 1563 de
1326 1530 1440 1563 const.
1457 1529 1489 1570 9,
1504 1529 1535 1570 7,
1552 1529 1585 1573 1)
1608 1533 1852 1564 commemorat
1875 1530 1988 1564 nullis
2011 1529 2054 1564 ab
2077 1530 2125 1564 eis
2148 1529 2261 1572 faedi-

464 1588 569 1619 tatem
585 1585 742 1628 corporis
765 1583 1040 1628 condempnetur
1055 1585 1141 1628 quia
1165 1585 1206 1619 in
1230 1585 1312 1619 talis
1335 1586 1459 1620 multis
1483 1587 1696 1621 criminibus
1718 1590 1966 1630 consecuntur,
1987 1586 2060 1621 nisi
2076 1586 2222 1631 quando
2238 1599 2262 1621 a

465 1641 607 1676 domino
636 1642 823 1676 merebitur
852 1641 1007 1684 reniam,
1039 1642 1306 1686 supplicabitur,
1341 1642 1496 1689 originis
1528 1643 1692 1679 incertae
1723 1646 1761 1679 et
1793 1643 2057 1689 interpretatio
2089 1644 2261 1679 novellae

465 1698 663 1735 Theodosii
690 1699 734 1734 de
761 1698 963 1734 curialibus
991 1700 1032 1734 15
1058 1699 1168 1744 (nulli
1193 1726 1201 1735 .
1220 1726 1227 1734 .
1247 1727 1280 1735 ..
1306 1700 1551 1746 subditorum).
1603 1700 1781 1746 Sequitur
1796 1700 2047 1737 Theodosiani
2071 1700 2261 1746 appendix

466 1756 566 1801 prior
591 1755 784 1802 Kruegeri.

327 1824 543 1860 EPITOME
570 1824 822 1860 CVRIENSIS
846 1825 1000 1867 (Haenel
1020 1838 1054 1870 p.
1071 1825 1203 1860 XXXI.
1223 1825 1430 1866 LXXXIII3
1449 1826 1601 1862 Zeunier
1617 1827 1821 1871 Zciischrifit
1836 1827 1898 1862 der
1913 1827 2260 1873 Sarriyny-Stiftuny,

463 1882 875 1926 9erm.Abth.9,1seq.;
902 1882 1038 1917 Conrat
1058 1882 1202 1927 Quellen
1223 1883 1358 1925 l,238).
1402 1883 1614 1929 Compilata
1641 1884 1789 1920 videtur
1813 1897 1891 1921 esse
1916 1885 2115 1921 saec.VIII
2139 1885 2261 1920 medio

466 1942 552 1976 ante
583 1951 615 1974 a.
634 1940 711 1975 766.
762 1940 906 1975 Adsunt
938 1940 1223 1976 constitutiones
1255 1941 1401 1985 aliquot
1435 1941 1657 1978 adiecticiae
1683 1944 1731 1988 (p.
1755 1942 1897 1988 XCIII).
1925 1964 1969 1968 -
1993 1943 2143 1979 Habent
2178 1954 2260 1978 eam

465 1997 551 2033 libri
577 1997 632 2032 hi:

399 2055 600 2101 Lipsiensis
625 2056 725 2090 uniV.
745 2055 836 2090 3493
861 2067 955 2090 saec.
975 2056 1035 2097 IX.
1062 2060 1174 2092 antea
1200 2057 1390 2092 Utinensis
1415 2057 1570 2102 (Haenel
1597 2058 1697 2094 brer.
1716 2059 1786 2103 65).

395 2113 648 2159 Sangallensis
674 2113 740 2149 722
765 2125 859 2149 saec.
880 2114 931 2148 IX
957 2114 1114 2157 (Haenel
1141 2115 1241 2151 brev,
1260 2115 1328 2157 66).

396 2171 648 2217 Sangallensis
674 2171 910 2207 Favariensis
937 2183 1032 2207 saec.
1051 2172 1083 2207 X
1110 2173 1267 2217 (Haenel
1294 2173 1394 2208 brev,
1414 2173 1484 2216 67).

946 2312 1027 2355 III.
1059 2311 1249 2354 VARIA
1281 2312 1357 2354 ΕΤ
1388 2312 1637 2357 MINORA.

442 2399 493 2434 Ut
524 2411 596 2434 non
627 2410 710 2434 raro
737 2397 973 2434 offenduntur
997 2399 1034 2433 in
1059 2399 1167 2434 libris
1192 2398 1341 2444 scriptis
1367 2398 1651 2434 constitutiones
1677 2398 1895 2443 desumptae
1930 2409 1973 2433 ex
1999 2396 2259 2434 Theodosiano

326 2456 507 2497 breviato,
533 2455 587 2492 ita
613 2455 784 2491 utilitate
811 2455 1100 2502 αἠοσπασμάτια
1124 2457 1217 2492 haec
1243 2457 1319 2493 fere
1345 2459 1482 2492 carent.
1525 2455 1724 2501 Composui
1749 2455 1868 2490 nihilo
1890 2455 2012 2490 minus
2029 2466 2124 2500 quae
2149 2454 2260 2490 huius

326 2513 471 2560 generis
495 2512 589 2547 mihi
614 2525 652 2548 se
679 2513 898 2549 obtulerunt
924 2515 990 2548 aut
1014 2513 1052 2548 in
1078 2513 1169 2559 ipsis
1196 2513 1386 2550 codicibus
1411 2516 1477 2549 aut
1503 2513 1550 2549 ab
1575 2513 1658 2548 aliis
1684 2514 1873 2559 adlegata.

398 2581 594 2618 Bernensis
621 2582 688 2618 314
713 2582 815 2617 1288:
842 2582 910 2618 Th.
932 2583 983 2624 11,
999 2583 1052 2625 39,
1068 2583 1087 2617 7
1115 2582 1252 2618 Conrat
1280 2582 1423 2628 Quellen
1450 2584 1478 2625 1,
1495 2583 1550 2617 42.

395 2639 642 2675 Berolinensis
668 2640 747 2675 Lat.
775 2639 837 2674 fol.
858 2640 926 2675 270
950 2640 1105 2685 (Η301101
1125 2642 1187 2676 112
1206 2657 1247 2670 =
1268 2641 1359 2685 171³),
1385 2644 1496 2676 antea
1521 2640 1681 2682 pithoei,
1708 2642 1925 2686 compactus
1951 2641 2007 2675 est
2031 2650 2076 2674 ex
2094 2637 2259 2684 plurium

466 2697 635 2732 codicum
660 2696 818 2733 laciniis.
860 2698 913 2732 Ex
938 2697 998 2732 his
1023 2710 1134 2743 supra
1160 2711 1196 2743 p.
1214 2698 1350 2732 LXXX
1376 2698 1536 2733 diximus
1562 2698 1606 2733 de
1631 2698 1655 2732 f.
1676 2698 1798 2740 1-10‚
1826 2697 1916 2733 item
1941 2709 1977 2742 p.
1995 2695 2187 2731 LXXXIII
2213 2695 2257 2731 de

463 2755 486 2790 f.
508 2755 659 2796 11—13;
693 2755 712 2789 f.
734 2756 777 2790 14
802 2767 885 2790 cum
916 2757 1062 2801 spectet
1087 2756 1135 2790 ad
1159 2767 1241 2791 nov.
1262 2755 1519 2791 Valentiniani
1545 2756 1598 2790 III
1624 2755 1683 2797 32,
1717 2757 1916 2801 supersunt
1945 2754 2015 2789 hoc
2050 2753 2132 2788 loco
2162 2755 2257 2788 trac-

464 2813 579 2848 tanda
609 2812 633 2846 f.
653 2813 694 2847 15
721 2815 759 2848 et
786 2813 838 2848 16.
886 2813 1049 2848 Exhibet
1079 2813 1175 2848 illud
1207 2813 1388 2859 scriptum
1420 2826 1514 2849 saec.
1540 2813 1615 2849 fere
1641 2813 1692 2848 IX
1725 2826 1768 2848 ex
1794 2811 2053 2848 Theodosiano
2084 2810 2258 2846 breviato

463 2869 747 2905 constitutiones
764 2871 898 2913 9,14,2
923 2871 1096 2915 supplicio
1121 2871 1328 2916 subiuyetm·
1352 2871 1399 2906 ad
1423 2872 1454 2913 9,
1472 2872 1524 2913 16,
1539 2872 1560 2906 3
1586 2874 1617 2906 et
1641 2871 1866 2905 constantino
1891 2880 2005 2904 conss.
2046 2869 2088 2903 In
2112 2867 2258 2912 reliqua

464 2927 619 2973 pagina,
647 2939 757 2972 quam
783 2927 904 2972 prima
928 2939 1058 2963 manus
1084 2940 1240 2965 vacuam
1265 2928 1433 2973 reliquit,
1461 2929 1582 2964 altera
1606 2940 1678 2963 non
1702 2928 1821 2963 multo
1847 2925 2032 2972 posterior
2055 2924 2258 2971 adscripsit

464 2984 768 3019 constitutionem
794 2984 970 3020 ficticiam
996 2997 1093 3028 eam,
1124 2998 1234 3030 quam
1261 2998 1373 3031 supra
1399 2999 1434 3031 p.
1452 2986 1520 3021 240
1545 2986 1593 3021 ad
1617 2987 1648 3027 5,
1669 2985 1757 3027 18‚1
1785 2983 1999 3020 rettulimus
2028 2983 2070 3018 de
2094 2983 2257 3029 agnatio-

461 3041 567 3076 nibus
593 3041 796 3085 dividendis,
825 3045 862 3077 et
885 3044 969 3087 post
993 3042 1090 3077 hanc
1108 3042 1377 3088 interpolatam
1401 3055 1443 3078 ex
1462 3043 1610 3079 novella
1623 3041 1882 3078 Valentiniani
1899 3042 1943 3076 27
1961 3039 2257 3076 Sirmondianam

463 3098 637 3144 primam,
670 3099 766 3135 sicut
797 3100 844 3134 ad
875 3111 956 3135 eam
987 3100 1207 3136 adnotatum
1231 3102 1297 3135 est.
1325 3121 1368 3126 —-
1395 3101 1561 3136 Alterum
1589 3099 1719 3134 folium
1749 3099 1859 3134 hodie
1887 3099 1929 3134 16
1955 3097 2123 3133 continet
2147 3097 2254 3132 haec:

478 3162 506 3196 1.
532 3163 572 3196 in
591 3163 731 3207 payina
754 3166 869 3197 recta.-

533 3219 740 3263 Imperator
764 3219 968 3255 Teudosius
994 3220 1086 3255 dicit
1112 3221 1158 3256 ad
1191 3220 1384 3266 episcopos
1416 3213 1500 3267 effi
1519 3221 1562 3255 V.
1611 3220 1861 3256 Ecclesiarmn
1888 3218 2041 3265 negotia
2064 3229 2132 3264 pro
2157 3229 2256 3254 reve-

533 3275 655 3311 rentia
680 3276 896 3312 sanctitatis
927 3289 970 3312 ac
1002 3278 1087 3314 fidei
1111 3281 1275 3323 oportet,
1309 3290 1391 3313 cum
1422 3279 1469 3314 ad
1502 3278 1695 3323 publicum
1725 3278 1871 3323 prolate
1902 3276 2016 3313 fuerit
2038 3276 2122 3321 (sic)
2146 3287 2256 3311 cause

532 3332 608 3368 sine
636 3333 763 3378 aliqua
788 3334 970 3370 tarditate
995 3335 1092 3370 finiri
1123 3347 1190 3370 nee
1223 3336 1359 3371 debent
1384 3336 1584 3372 defessores
1609 3336 1689 3381 (sic)
1715 3335 1787 3370 1001
1815 3333 2046 3370 venerabiles
2071 3333 2153 3379 (sic)
2177 3333 2256 3369 ulla
