2485 3615
1182 163 1226 170 -
1273 140 1399 179 CCLII
1447 162 1492 169 -

375 289 455 328 374
489 283 796 327 GRATIANO
830 284 923 338 A.1)
955 283 1024 325 III
1053 282 1128 325 ΕΤ
1159 282 1406 331 EQVITIO
1439 282 1492 325 V.
1518 281 1608 338 O.2)
1643 280 1836 324 CONSS.

527 367 553 407 ¹)
579 369 619 399 A.
646 378 709 399 om.
736 363 903 404 13,1,10.

525 423 553 465 ²)
580 425 629 456 sic
653 422 788 465 4‚17‚1
814 439 858 445 —-
883 420 1019 462 8,5‚33
1045 439 1086 443 —
1112 420 1249 463 9,1‚12
1276 440 1319 444 —
1345 419 1479 463 9‚14,1
1505 437 1551 444 --
1575 418 1710 462 9,29,1
1738 438 1780 443 -
1807 418 1974 460 13,1,10.

489 539 770 571 Valentinianum
795 537 905 569 hieme
930 533 1034 575 373s4
1056 536 1242 568 Mediolani
1270 536 1375 568 fuisse
1401 535 1458 578 qui
1483 535 1708 575 contendunt,
1742 535 1899 568 nituntur
1924 537 2028 569 unica
2053 535 2302 579 subscriptione

372 598 470 630 Febr.
491 597 528 638 5;
554 608 634 629 nam
658 607 744 637 quas
768 595 811 627 ad
836 605 866 627 a.
885 593 952 627 365
976 594 1163 635 attulimus,
1189 605 1268 627 cum
1294 596 1363 627 fere
1387 594 1536 626 directae
1560 594 1628 626 sint
1652 593 1695 625 ad
1712 593 1956 636 Symmachum
1981 595 2188 636 praefectum
2212 593 2301 633 urbi,

373 655 441 687 huc
459 655 545 687 trahi
562 658 746 695 nequeunt.
788 653 886 684 Certe
911 656 1000 684 tacet
1024 652 1065 684 de
1090 652 1255 684 eiusmodi
1280 652 1399 684 itinere
1417 652 1629 684 Ammianus.
1669 651 1705 683 Si
1729 651 1794 682 fuit
1819 651 1875 691 ibi,
1901 662 1980 683 mox
2005 651 2104 683 rediit
2120 651 2156 683 in
2174 651 2303 684 Gallias

373 713 507 754 fuitque
533 712 612 743 Mai.
632 709 674 742 21
701 710 867 749 Treviris,
900 709 963 741 lul.
985 708 1028 741 10
1052 710 1185 742 Robore
1211 720 1313 752 prope
1339 710 1521 748 Basileam,
1553 709 1652 741 cuius
1687 708 1820 740 castelli
1850 708 1892 740 ad
1921 708 2015 741 hunc
2039 719 2169 741 annum
2201 709 2302 741 etiam

372 770 575 801 Ammianus
601 766 669 809 (30,
684 766 715 808 3,
732 766 764 809 1)
790 767 958 805 meminit,
985 767 1076 809 Sept.
1094 765 1112 798 7
1139 767 1347 808 Mogontiaci
1373 765 1487 807 (4,13‚
1503 765 1548 808 7).
1599 766 1805 798 Hibernavit
1829 776 1860 798 a.
1878 764 1981 806 374s5
2004 766 2156 798 Treviris
2182 777 2303 799 secun-

372 827 452 858 dum
477 827 696 857 Ammianum
722 823 791 865 (30,
807 823 838 863 3,
854 823 884 857 7.
910 823 992 866 5,1)
1025 830 1059 856 et
1083 825 1300 857 consentiunt
1330 825 1606 866 subscriptiones.
1632 841 1676 846 —-
1702 825 1752 855 De
1776 823 1879 856 rebus
1903 835 1923 856 a
1939 823 2083 856 Valente
2109 823 2215 866 gestis
2239 824 2304 857 hoc

371 895 507 927 quoque
531 894 621 916 anno
646 887 801 915 auctores
825 886 955 923 tacent3
980 881 1117 914 videtur
1142 882 1310 915 mansisse
1334 882 1551 921 Antiochiae,
1578 882 1639 914 ubi
1663 892 1685 913 a
1709 880 1896 914 Februario
1921 881 1966 913 ad
1990 881 2122 914 Maium
2147 881 2304 925 epistulis

371 941 580 984 subscripsit.

303 1044 370 1078 374
614 1041 685 1076 VII
709 1042 744 1076 k.
765 1040 870 1076 Febr.
994 1051 1058 1085 pp.
1077 1039 1210 1075 Sirmio
1409 1040 1529 1076 Probo
1554 1045 1623 1085 ppo
1650 1039 1811 1086 [Italiae]
2030 1039 2129 1082 15,1,
2145 1040 2189 1075 18

303 1120 370 1154 374
613 1128 696 1152 non.
714 1115 818 1152 Febr.
995 1115 1069 1150 dat.
1089 1115 1179 1160 [pp]
1206 1115 1343 1151 Medio·
1407 1115 1544 1151 Italico
1571 1115 1711 1150 vicario
1736 1114 1871 1151 Italiae
2031 1115 2084 1157 13,
2100 1116 2131 1157 1,
2145 1115 2190 1150 10

1038 1173 1124 1208 lano

303 1248 371 1282 374
615 1244 686 1279 VII
712 1243 760 1278 id.
779 1243 884 1279 Febr.
994 1255 1057 1288 pp.
1074 1242 1214 1279 Romae
1409 1244 1529 1280 Probo
1553 1249 1622 1289 ppo
1650 1243 1810 1289 [Italiae]
2030 1243 2063 1285 9,
2078 1242 2166 1287 14,1

2080 1312 2108 1346 Ι
2137 1313 2190 1355 11,
2204 1312 2259 1355 29,
2273 1313 2295 1347 5
2319 1332 2363 1338 ——

304 1374 371 1408 374
615 1371 702 1406 XVI
727 1371 763 1405 k.
782 1371 890 1405 Mart.
994 1382 1046 1415 pp
1051 1396 1230 1406 ......
1409 1370 1597 1416 Eupraxio
1623 1376 1671 1415 psi
1696 1370 1867 1416 [Romae]
2058 1370 2109 1404 ΙΙ
2138 1389 2180 1395 -
2206 1371 2330 1413 11,30,
2344 1370 2388 1405 36

2033 1427 2108 1462 ΠΙ
2139 1448 2183 1454 -
2209 1428 2329 1471 11,36,
2343 1429 2441 1463 21-

303 1502 371 1535 374
613 1498 721 1533 XIIII
746 1498 781 1532 k.
802 1498 911 1533 Mart.
992 1497 1215 1534 Antiochiae
1408 1498 1568 1534 Tatiano
1595 1510 1684 1533 com.
1703 1511 1730 1533 s.
1748 1498 1770 1532 1.
1790 1497 1878 1542 [Or.]
2031 1498 2085 1539 10,
2098 1498 2154 1540 20,
2169 1497 2191 1533 8

303 1577 370 1610 374
613 1574 668 1608 HI
692 1585 775 1609 non.
794 1573 904 1608 Mart.
994 1599 1244 1609 ........
1408 1573 1530 1609 Probo
1554 1580 1622 1619 pp&
1649 1573 1813 1619 [Italiae]
2029 1572 2120 1609 lust.
2147 1573 2178 1615 8,
2197 1574 2252 1615 51,
2270 1573 2292 1608 2

2078 1629 2128 1676 [L
2145 1629 2322 1675 Miraeus]

303 1702 370 1736 374
614 1699 647 1733 V
671 1699 720 1734 id.
741 1699 849 1734 Mart.
993 1697 1217 1734 Antiochiae
1409 1699 1570 1736 Tatiano
1597 1711 1688 1735 com.
1707 1712 1733 1735 s.
1751 1700 1775 1735 l.
1795 1700 1885 1746 [Or.]
2033 1700 2087 1742 10,
2101 1700 2156 1742 22,
2172 1701 2191 1734 1

303 1776 370 1811 374
614 1774 647 1808 X
673 1774 708 1808 k.
728 1775 815 1819 Apr.
996 1786 1058 1819 pp.
1077 1773 1216 1809 Romae
1411 1775 1604 1820 Simplicio
1631 1775 1769 1811 vicario
1797 1775 1923 1821 [urbis]
2034 1775 2066 1817 9,
2079 1775 2135 1817 29,
2150 1776 2170 1809 1

303 1851 371 1886 374
617 1850 686 1884 XII
711 1850 747 1885 k.
766 1850 845 1885 Iun.
997 1849 1220 1886 Antiochiae
1413 1850 1574 1886 Tatiano
1601 1862 1692 1886 com.
1711 1863 1738 1886 s.
1755 1851 1779 1885 1.
1800 1850 1887 1896 [Or.]
2036 1851 2068 1893 9,
2082 1850 2138 1892 21,
2152 1850 2174 1885 8

303 1927 370 1961 374
614 1925 684 1959 XII
708 1925 744 1959 k.
763 1925 844 1960 Iun.
994 1924 1157 1960 Treviris
1410 1925 1564 1962 Claudio
1589 1930 1637 1970 psi
1663 1925 1828 1972 [Romae]
2033 1926 2157 1968 11,36,
2171 1926 2217 1961 22

303 2001 370 2035 374
618 2000 687 2034 XII
713 2000 747 2034 k.
767 2000 834 2034 Iul.
997 1999 1160 2036 Treviris
1414 2000 1560 2036 Chiloni
1587 2001 1657 2037 vic.
1676 2001 1824 2037 Africae
1991 2052 1995 2055 p
2035 2001 2089 2044 13,
2102 2001 2135 2044 4,
2149 2002 2171 2036 4

305 2075 372 2109 374
615 2075 668 2109 VI
693 2074 741 2109 id.
762 2074 829 2110 Iul.
996 2074 1141 2111 Robore
1410 2075 1627 2111 Constantio
1642 2077 1822 2121 [procons.
1832 2075 1993 2120 Africae]
2032 2076 2064 2118 8,
2080 2077 2112 2119 5,
2127 2076 2172 2110 33

303 2150 370 2184 374
388 2149 480 2195 [375]
611 2149 703 2194 prid.
721 2149 770 2185 id.
789 2150 882 2195 Aug.
999 2150 1181 2186 Carnunti
1415 2151 1592 2187 Laodicio
1617 2163 1737 2197 praes.
1755 2151 1947 2188 Sardiniae
2035 2152 2068 2195 9,
2086 2153 2114 2194 1,
2129 2151 2173 2187 12

303 2225 371 2260 374
618 2225 744 2260 XVIII
768 2225 804 2260 k.
822 2225 909 2260 Dec.
1001 2252 1250 2263 ........
1414 2226 1616 2263 Maximino
1642 2233 1711 2272 ppo
1732 2227 1968 2273 [Galliarum]
2037 2228 2069 2270 9,
2082 2227 2138 2269 24,
2151 2227 2173 2262 3

305 2301 373 2335 374
616 2301 669 2335 III
693 2312 775 2336 non.
793 2300 880 2336 Dec.
998 2300 1159 2337 Treviris
1412 2302 1532 2338 Probo
1559 2307 1629 2348 ppo
1656 2302 1818 2348 [Italiae]
2034 2303 2066 2345 4,
2081 2302 2135 2345 17,
2150 2303 2170 2337 1

375 2477 455 2517 375
487 2466 536 2517 F.
563 2466 607 2517 C.
643 2473 937 2517 GRATIANI
965 2476 1018 2517 A.
1051 2475 1120 2517 ΙΠ
1148 2474 1225 2517 ΕΤ
1256 2474 1489 2524 EQVITII
1519 2476 1572 2518 V.
1599 2476 1689 2531 C.¹)

530 2558 556 2601 ¹)
582 2559 631 2591 sic
655 2570 798 2602 semper.

490 2663 752 2695 Valentinianus
785 2674 828 2695 ex
861 2662 1012 2695 hibernis
1045 2663 1245 2705 Trivericis,
1283 2664 1343 2696 ubi
1374 2663 1483 2696 filium
1516 2663 1654 2706 reliquit
1685 2663 1810 2705 (Amm.
1836 2661 1963 2706 30,10,
1982 2663 2038 2705 1),
2071 2664 2181 2707 primo
2217 2673 2308 2706 vere,

376 2720 506 2752 scilicet
538 2726 614 2762 post
646 2722 724 2763 Apr.
753 2719 789 2761 9,
824 2720 860 2752 in
891 2720 1067 2763 Illyricum
1098 2732 1134 2753 se
1164 2721 1309 2753 contulit
1337 2719 1557 2761 (Ammianus
1589 2718 1643 2761 30,
1662 2719 1694 2761 5,
1715 2720 1744 2753 1.
1762 2719 1798 2763 2)
1831 2721 2019 2754 consistens
2050 2721 2218 2754 Carnunti
2249 2731 2310 2764 per

376 2788 508 2810 menses
538 2782 607 2810 tres
640 2775 673 2818 (1.
700 2788 727 2809 c.
755 2776 809 2817 30,
828 2776 951 2819 5,11);
988 2779 1054 2810 fuit
1088 2778 1136 2810 ibi
1166 2780 1254 2821 Aug.
1284 2776 1326 2810 12
1360 2777 1455 2820 (9,1,
1479 2776 1546 2820 12).
1605 2779 1700 2811 Obiit
1734 2779 1930 2822 Brigetione
1962 2779 2046 2811 Nov.
2074 2777 2116 2811 17
2153 2776 2308 2821 (Consul.

376 2836 552 2868 Constant.
570 2835 612 2867 ad
637 2835 672 2867 h.
689 2846 734 2867 a:
762 2835 877 2867 chron.
897 2836 976 2868 min.
998 2835 1013 2867 1
1042 2847 1074 2878 p.
1093 2834 1170 2868 242.
1198 2836 1402 2869 Ammianus
1419 2834 1474 2875 30,
1489 2835 1520 2875 5,
1538 2835 1604 2877 15).
1627 2854 1664 2858 -
1684 2836 1813 2869 Valens
1831 2836 2019 2869 secundum
2039 2837 2308 2880 subscriptiones

373 2893 467 2925 hunc
491 2903 628 2935 quoque
653 2904 781 2925 annum
807 2893 921 2935 exegit
944 2893 1159 2926 Antiochiae.

305 3006 371 3040 375
614 3006 647 3040 V
673 3005 722 3041 id.
741 3007 827 3051 Apr.
995 3005 1157 3041 Treviris
1410 3006 1556 3042 Chiloni
1583 3006 1740 3052 [vicario
1767 3006 1931 3052 Africae]
2035 3007 2087 3049 12,
2103 3008 2135 3048 6,
2150 3007 2194 3042 16

306 3080 372 3113 375
615 3081 684 3115 IIII
709 3092 792 3115 non.
812 3080 889 3115 Iun.
994 3080 1218 3117 Antiochiae
1411 3081 1580 3116 Modesto
1604 3085 1674 3125 ppo
1701 3080 1891 3126 [Orientis]
2034 3081 2065 3123 7,
2081 3082 2134 3123 13,
2150 3082 2168 3116 7

306 3155 373 3189 375
615 3156 668 3190 III
693 3168 774 3191 non.
796 3157 888 3202 Aug.
997 3183 1244 3192 ........
1411 3156 1560 3192 Chiloni
1584 3168 1749 3202 procons.
1778 3154 1944 3202 [vicario]
2036 3156 2089 3198 13,
2103 3156 2135 3198 6,
2150 3157 2170 3190 7

1457 3214 1603 3249 Africae
2160 3258 2163 3262 ¹

308 3279 374 3313 375
396 3280 487 3323 [374]
618 3281 689 3317 VII
714 3282 761 3316 id.
782 3282 883 3327 Sept.
997 3282 1227 3328 Mogontiaci
1414 3283 1630 3318 Constantio
1649 3294 1814 3328 procons.
1829 3282 1978 3318 Africae
2033 3283 2065 3327 4,
2081 3282 2134 3324 13,
2148 3283 2169 3317 '7

309 3353 376 3387 375
618 3356 669 3390 ΙΙΙ
694 3368 776 3391 non.
794 3357 879 3392 Dec.
997 3357 1222 3393 Antiochiae
1414 3357 1580 3393 Modesto
1605 3362 1674 3402 pp6
1701 3357 1891 3403 [Orientis]
2033 3357 2087 3400 12,
2103 3358 2133 3401 1,
2148 3357 2192 3392 79
