2485 3615
1178 145 1222 154 -—
1270 125 1372 163 XCII
1419 145 1462 153 —a

357 228 513 268 Hiatum
545 232 684 268 codicis
708 231 965 278 Eporediensis
993 232 1045 274 16,
1060 233 1091 273 5,
1106 230 1174 274 3,3
1206 242 1432 275 quamquam
1457 231 1492 265 L
1523 232 1667 277 explet,
1704 233 1860 269 fortasse
1892 230 1980 269 huic
2005 244 2150 279 quoque
2183 229 2279 269 libro

359 290 487 335 aliqua
513 290 688 338 cognatio
713 290 911 326 intercedit
936 302 1018 325 cum
1039 289 1084 323 iis
1109 289 1153 322 de
1179 287 1314 332 quibus
1340 289 1448 323 modo
1474 289 1633 335 egimus;
1667 293 1765 325 certe
1794 291 1846 332 16,
1864 292 1915 332 11,
1934 292 1962 333 1,
1977 291 2013 333 2,
2047 291 2113 326 ubi
2143 292 2281 335 ayitare

359 352 397 384 et
421 349 566 395 integer
591 350 704 385 codex
729 351 767 384 et
794 348 1016 384 breviarium
1033 346 1184 387 habent,
1211 346 1373 381 iudicare
1398 346 1629 382 substituunt
1656 347 1744 382 libri
1769 348 1880 391 aucti,
1907 348 1945 383 in
1962 348 1996 383 L
2021 348 2280 394 dittographia

360 409 416 443 est
440 407 576 452 ayitare
600 407 771 442 iudicare.

43 519 91 557 16,
109 518 139 557 9,
153 519 183 548 4.
211 518 260 557 16,
274 517 356 557 11‚3
474 510 571 546 XVI.
611 510 662 551 16,
677 510 708 551 9,
722 510 753 544 4.
783 510 834 551 16,
852 510 903 550 11,
919 509 950 543 3.

475 567 766 603 Constitutiones
789 566 883 602 duae
909 566 932 600 1.
946 567 969 600 4
992 577 1037 602 ne
1057 565 1309 601 Christianum
1333 566 1563 612 mancipium
1581 567 1649 609 (16,
1664 568 1699 612 9)
1727 570 1764 604 et
1789 568 1812 602 1.
1827 566 1848 601 3
1873 568 1918 604 de
1942 568 2121 614 religione
2140 568 2208 613 (16,
2226 568 2283 612 11)

359 625 494 660 adsunt
518 625 556 659 in
582 624 769 660 codicibus
794 623 971 659 breviarii
995 624 1132 669 integri
1150 624 1406 660 Aurelianensi
1424 624 1492 670 (K)
1511 627 1549 660 et
1568 624 1738 660 Gothano
1756 625 1825 670 (G)
1849 629 1887 661 et
1903 626 2144 671 Eporediensi
2167 625 2283 662 etiam

358 684 395 718 in
427 685 534 727 parte
565 694 609 717 ea
642 693 737 726 quae
767 681 993 717 breviarium
1021 681 1144 717 reddit
1169 681 1288 727 ([E]),
1322 682 1422 727 prior
1446 682 1484 717 in
1514 682 1752 728 Lugdunensi
1775 682 1855 727 (Q),
1887 683 2069 728 posterior
2092 683 2132 718 in
2155 682 2284 729 Legio-

357 740 460 776 nensi
485 739 546 784 (H
538 741 573 783 );
600 741 794 784 praeterea
818 741 977 783 utraque
1003 742 1058 774 est
1082 739 1120 773 in
1146 739 1350 774 decurtatis
1375 740 1494 775 tribus
1519 739 1566 774 iis
1590 739 1697 785 ipsis,
1723 739 1787 784 qui
1812 740 1953 775 habent
1978 740 2283 776 constitutionem

356 798 387 840 3,
404 798 489 839 12,1
517 796 690 832 Bernensi
714 796 796 839 263,
831 795 997 831 Parisino
1021 796 1129 839 4409,
1156 796 1340 832 Vaticano
1366 797 1515 843 reginae
1544 797 1647 839 1048,
1677 797 1859 842 posterior
1888 797 1980 833 item
2010 797 2048 832 in
2078 796 2284 833 decurtatis

355 854 531 890 Parisinis
555 854 655 889 4414.
680 854 781 889 4415.
