2501 3615
945 175 987 180 -
1036 154 1244 190 CCCXXIII
1294 174 1334 179 —

226 260 270 294 29
295 259 326 294 si
349 258 496 303 quando
521 261 590 295 etc.
617 275 659 289 =
684 259 751 305 Ep.
771 259 858 304 Aeg.
877 259 981 294 Paul.
1008 258 1050 300 V,
1068 259 1122 300 39,
1144 259 1171 293 1.

294 317 492 361 quicunque
517 332 559 346 =
584 317 643 352 Br.
664 317 732 352 Th.
758 317 820 358 IX,
841 319 870 357 1,
888 318 910 352 8
934 316 1001 352 int.

225 376 271 410 30
294 375 326 409 si
349 375 427 419 quis
452 393 487 398 -
520 376 728 419 requiratur
753 375 815 410 cfr.
842 375 907 420 Ep.
926 375 1015 420 Aeg.
1035 374 1101 409 Th.
1121 374 1181 415 IX,
1204 375 1254 412 11.
1273 374 1294 407 2
1320 373 1384 408 int.

225 433 270 467 32
292 432 486 467 secundum
510 434 618 478 leyem
644 433 843 468 Romanam
867 435 937 469 ete.
964 433 1027 467 cfr.
1054 433 1111 467 Br.
1131 432 1197 466 Th.
1218 431 1278 472 lx,
1300 432 1350 473 19,
1375 433 1388 465 1
1408 431 1474 466 int.
1500 432 1520 465 2
1538 430 1604 466 int.

225 491 281 527 39.
306 492 351 526 40
377 491 439 528 cfr.
466 491 523 526 Br.
542 490 610 525 Th.
630 491 691 532 lv,
714 492 763 532 12,
785 493 812 525 1.

456 594 722 630 Additamenta
747 606 766 630 e
791 593 980 629 codicibus
1006 592 1246 627 formularum
1271 592 1538 627 Turonensium
1563 592 1599 636 [l.
1620 603 1649 627 6.
1671 592 1734 626 159
1747 590 1827 636 sq.].

251 663 266 696 1
293 672 368 696 non
391 663 543 698 occultae
568 666 637 699 etc.
665 664 728 698 cfr.
755 663 795 697 fr.
817 663 873 697 Br.
889 662 956 696 Th.
975 661 1074 704 VIII,
1097 663 1111 694 l
1139 661 1204 696 int.

326 766 525 812 Appendix
551 767 599 802 ad
623 765 799 802 formulas
824 766 1054 801 Turonenses
1081 775 1124 799 ex
1150 764 1228 799 cod.
1248 764 1332 799 Vat.
1352 776 1426 809 reg.
1449 765 1534 800 1050
1560 777 1586 799 s.
1607 764 1655 798 IX
1683 763 1718 809 [l.
1738 776 1767 799 6.
1797 763 1859 798 163
1873 763 1953 808 sq.].

246 837 268 870 2
292 837 383 871 sicut
408 837 448 870 in
476 837 716 871 leeodosiano
741 839 810 872 etc.
835 838 896 872 cfr.
926 837 981 870 ΒΓ.
1001 835 1068 869 Th.
1096 835 1157 876 III,
1175 836 1205 876 5,
1228 836 1241 869 1
1271 833 1335 869 int..
1363 836 1401 869 et
1426 834 1446 868 2
1473 833 1539 868 int.
1567 835 1604 867 et
1628 835 1659 868 5.

247 896 269 929 3
295 894 332 929 in
358 906 411 939 pr.
439 895 500 930 cfr.
527 894 586 929 Br.
605 894 673 929 Th.
700 894 764 937 III,
782 895 812 935 5,
832 895 852 927 2
878 893 943 928 int.

250 953 271 986 4
296 953 498 996 quicunque
523 955 594 988 etc.
621 953 684 987 cfr.
711 952 768 986 Br.
788 951 855 985 Th.
881 951 926 992 11,
947 951 1000 993 12,
1019 951 1040 985 4
1064 950 1132 985 int.

763 1055 957 1091 Formulae
983 1053 1230 1089 Biturieenses
1257 1052 1292 1097 [l.
1314 1064 1343 1087 6.
1371 1052 1435 1086 169
1449 1051 1528 1096 sq.].

249 1126 270 1160 9
296 1125 359 1160 cfr.
383 1125 443 1160 ΒΓ.
463 1125 531 1160 Th.
558 1125 619 1167 IV,
639 1125 669 1165 7,
691 1126 705 1158 1
734 1126 772 1160 et
796 1125 854 1159 Br.
873 1123 953 1159 Gai.
978 1124 1005 1165 Ι,
1026 1125 1054 1166 1,
1074 1136 1127 1169 pr.
1154 1125 1191 1158 et
1217 1124 1238 1167 ξ
1256 1123 1286 1157 4.

231 1184 273 1218 15
292 1193 361 1227 per
384 1193 566 1217 sacrorum
591 1185 661 1218 ete.
688 1183 752 1217 cfr.
777 1182 835 1217 Br.
853 1182 922 1217 Th.
948 1182 1012 1222 ΙΙΙ,
1034 1182 1084 1215 12.

227 1242 298 1276 15c
325 1241 435 1275 trium
460 1241 652 1276 merialium
677 1240 741 1275 cfr.
768 1240 824 1275 ΒΓ.
848 1239 916 1274 Th.
940 1239 1021 1281 XII,
1042 1242 1071 1280 1,
1089 1240 1121 1274 8.

638 1343 855 1380 Chartarum
881 1343 1145 1379 Senonicarum
1171 1342 1358 1388 appendix
1385 1343 1420 1388 [l.
1441 1355 1469 1378 6.
1494 1343 1563 1378 208
1577 1343 1652 1387 sq.].

249 1403 271 1438 3
296 1403 360 1438 cfr.
385 1403 445 1438 Br.
465 1403 531 1438 Th.
557 1402 620 1445 IV,
639 1403 669 1444 7,
691 1404 719 1437 1.

671 1495 865 1530 Formulae
892 1493 1127 1541 negotiorum
1153 1492 1319 1529 civilium
1347 1492 1383 1538 [l.
1402 1504 1432 1527 6.
1458 1493 1524 1527 533
1538 1494 1615 1536 sq.].

250 1564 272 1598 3
298 1564 361 1599 οὗ.
385 1564 445 1598 Br.
472 1564 566 1599 Now
587 1563 669 1599 Val.
695 1564 776 1607 XII,
797 1566 813 1599 1
841 1563 907 1599 int.
932 1566 970 1599 et
994 1563 1053 1598 Br.
1072 1562 1176 1597 Paul.
1201 1562 1245 1603 V,
1263 1563 1294 1606 5,
1312 1562 1332 1596 6
1358 1563 1396 1597 et
1420 1561 1488 1596 int.

251 1621 274 1656 4
298 1622 564 1666 interpretatio:
587 1622 693 1657 ‘Tam
718 1642 761 1647 --
781 1621 967 1667 procedat’
991 1637 1032 1650 =
1059 1621 1117 1656 ΒΓ.
1136 1620 1204 1655 Th.
1223 1620 1284 1661 IX,
1306 1621 1334 1661 1,
1352 1621 1373 1654 4
1398 1618 1464 1654 int.

293 1679 325 1713 si
347 1679 494 1724 quando
520 1700 559 1704 —
586 1680 799 1721 reformetur
825 1695 867 1708 z
893 1679 959 1725 Ep.
977 1679 1067 1725 Aeg.
1086 1678 1190 1714 Paul.
1210 1678 1252 1719 V,
1271 1678 1325 1719 39,
1349 1678 1361 1711 1
1391 1677 1465 1722 [cfr.
1494 1677 1612 1712 Form.
1632 1676 1766 1711 Turon.
1784 1675 1853 1721 29].

249 1738 271 1772 5
297 1740 338 1771 ut
361 1737 484 1772 mallus
509 1739 579 1773 etc.
605 1738 668 1772 cfr.
694 1738 753 1772 Br.
773 1737 840 1772 Th.
859 1737 921 1779 IX,
942 1739 971 1779 1,
987 1738 1019 1771 4.

296 1798 368 1828 tam
392 1795 491 1830 civile
514 1815 558 1820 -
578 1795 764 1839 praecidat
788 1811 831 1825 =
857 1795 916 1830 Br.
937 1795 1004 1829 Th.
1024 1794 1085 1836 IX,
1106 1795 1134 1835 1,
1153 1794 1174 1828 4
1199 1793 1265 1828 int.

296 1852 369 1886 nisi
395 1873 435 1876 —
462 1852 637 1887 audiatur
662 1853 725 1888 cfr.
753 1853 810 1887 Br.
829 1852 898 1887 Th.
916 1852 978 1892 IX,
998 1854 1027 1895 1,
1047 1853 1067 1887 6
1091 1850 1160 1886 int.

251 1910 273 1944 6
299 1909 362 1945 cfr.
386 1910 447 1944 Br.
466 1911 534 1945 Th.
552 1911 615 1953 IX,
636 1913 665 1953 1,
684 1913 715 1946 6.
741 1911 774 1946 8.
801 1912 841 1946 11
870 1910 1021 1954 [Conrat
1046 1910 1073 1952 Ι,
1091 1910 1182 1954 263]

255 1967 276 2002 9
302 1968 459 2002 osculum
484 1968 548 2005 ofr.
573 1969 632 2003 Br.
647 1968 717 2004 Th.
743 1969 807 2010 III,
826 1970 856 2012 5,
875 1969 906 2004 5.

229 2026 272 2060 10
296 2025 335 2060 in
358 2038 412 2071 pr.
439 2027 503 2061 cfr.
528 2027 588 2062 Br.
607 2027 674 2062 Th.
700 2027 766 2069 ΙΙΙ,
784 2028 865 2069 5,1.
891 2027 912 2060 2
930 2026 997 2062 int.
1023 2028 1044 2061 5
1070 2025 1146 2071 [cfr.
1174 2026 1290 2060 Form.
1310 2025 1392 2060 Tur.
1419 2025 1550 2070 app.2].

230 2083 273 2118 15
295 2084 454 2118 osculum
477 2084 540 2119 cfr.
569 2085 625 2120 ΒΓ.
645 2085 712 2119 Th.
739 2085 804 2127 III,
822 2087 853 2123 5,
871 2087 903 2120 5.

229 2141 272 2175 18
296 2139 336 2175 in
359 2140 431 2176 fine
456 2157 499 2170 =
524 2142 583 2178 Br.
610 2142 677 2177 Th.
703 2143 779 2185 I,1,
801 2143 817 2176 l
844 2142 911 2177 int.

296 2224 529 2259 Breviarium
564 2224 679 2260 etiam
712 2223 941 2271 legislationi
973 2223 1012 2258 in
1037 2223 1260 2257 Francorum
1291 2234 1405 2269 regno
1439 2222 1630 2258 cuiusdam
1659 2221 1838 2257 momenti
1870 2220 1950 2256 fuit.
2007 2220 2110 2261 Quod

182 2280 320 2317 attinet
337 2281 386 2317 ad
411 2282 513 2328 leges
537 2282 735 2318 nationum
753 2281 1054 2318 Germanicarum
1078 2292 1193 2325 regno
1211 2280 1434 2316 Francorum
1459 2279 1743 2325 adscriptarum,
1769 2279 1990 2324 quibusdam
2015 2278 2110 2313 codi-

183 2337 288 2374 cibus
320 2339 415 2385 legis
441 2339 585 2376 Salicae
615 2341 864 2386 fragmentum
891 2338 1070 2374 Breviarii
1100 2338 1158 2372 ‘de
1190 2337 1435 2373 matrimoniis
1463 2337 1600 2373 vetitis'
1632 2337 1811 2372 insertum
1843 2348 1918 2372 esse
1950 2338 2107 2372 constat.

181 2396 354 2432 Invenies
380 2397 477 2432 enim
502 2397 541 2432 in
567 2397 756 2433 codicibus
782 2397 966 2433 secundae
991 2395 1156 2431 familiae
1189 2396 1306 2440 [codd.
1333 2395 1445 2430 Paris.
1474 2396 1583 2430 18237
1610 2397 1648 2430 et
1673 2396 1763 2431 4403
1782 2395 1822 2439 Β]
1850 2396 1888 2430 et
1919 2394 1957 2429 in
1982 2393 2108 2429 Herol-

182 2453 296 2489 diana
326 2456 365 2490 et
393 2454 434 2489 in
465 2455 548 2500 lege
580 2455 779 2491 emendata
809 2454 1107 2497 additamentum
1139 2454 1338 2489 secundum
1369 2453 1415 2488 ad
1450 2452 1522 2488 Tit.
1549 2453 1675 2495 X1111)
1707 2454 1895 2497 sumptum
1926 2463 1968 2487 ex
2000 2451 2110 2486 inter-

182 2512 395 2557 pretatione
420 2513 468 2548 ad
490 2513 550 2548 Br.
570 2513 638 2548 Th.
657 2513 721 2557 ΙΙΙ,
742 2514 794 2553 12,
813 2514 844 2548 3.
894 2513 945 2547 Ut
970 2513 1136 2548 Brunner
1161 2512 1202 2557 [Ι.
1219 2512 1298 2556 294]
1325 2510 1552 2556 explanavit,
1579 2509 1720 2545 codices
1738 2510 1920 2546 secundae
1945 2510 2109 2545 familiae

182 2570 222 2604 et
253 2569 480 2606 Heroldiana
511 2582 586 2606 non
617 2575 706 2606 ante
742 2571 852 2606 finem
884 2570 981 2606 sexti
1012 2570 1151 2606 saeculi
1183 2569 1341 2605 confecti
1375 2573 1471 2604 sunt.
1520 2568 1716 2604 Praeterea
1747 2568 1894 2603 novella
1919 2567 1967 2602 ad
1991 2568 2109 2612 legem

183 2626 346 2663 Salieam
363 2629 555 2674 complura
580 2640 624 2664 ex
650 2628 729 2664 iure
746 2628 1014 2664 matrimoniali
1038 2630 1241 2674 praecepta
1264 2627 1459 2663 continens
1477 2626 1513 2661 in
1533 2638 1561 2661 6.
1581 2627 1621 2660 71
1651 2625 1750 2670 [Cap.
1770 2625 1795 2666 Ι,
1815 2625 1859 2669 6],
1886 2627 1927 2660 ut
1944 2626 2108 2660 Brunner

182 2684 406 2728 illustravit,
439 2697 483 2722 ex
507 2687 567 2721 ΒΓ.
592 2687 660 2722 Th.
685 2686 747 2727 IX,
768 2687 819 2728 19,
840 2689 857 2721 1
888 2698 970 2721 cum
1006 2685 1316 2731 interpretatione
1351 2688 1463 2729 atque
1489 2696 1507 2719 6
1533 2684 1615 2729 lege
1641 2682 1920 2728 visigothorum
1947 2683 2023 2727 [III,
2039 2683 2070 2725 3,
2088 2683 2107 2716 4

183 2741 362 2788 Antiqua]
389 2744 551 2789 pendere
577 2744 766 2786 videtur.²)

297 2800 407 2847 Legis
446 2801 648 2838 Ribuariae
689 2801 987 2837 additamentum
1000 2803 1026 2845 ³)
1065 2801 1132 2846 [58,
1154 2801 1188 2846 1]
1225 2801 1269 2836 de
1305 2799 1593 2836 manumissione
1630 2799 1668 2833 in
1703 2797 1859 2834 ecelesia
1901 2810 1983 2833 cum
2020 2797 2108 2832 iuris

181 2857 340 2893 Romani
363 2859 517 2894 statutis
543 2860 736 2895 cohaerere
763 2859 920 2894 videtur.
967 2858 1039 2893 Sed
1065 2861 1195 2894 contra
1220 2858 1437 2904 Savignium
1465 2858 1524 2903 [ΙΙ,
1542 2858 1586 2892 95
1597 2857 1628 2901 ἃ]
1655 2856 1837 2892 Conratus
1864 2855 1903 2900 [1,
1922 2855 1983 2899 21)]
2009 2857 2108 2890 recte

183 2916 343 2960 dubitat,
368 2928 456 2952 num
481 2929 504 2952 a
527 2917 710 2953 Breviarii
734 2918 840 2952 textu
866 2917 937 2961 [ΒΓ.
957 2916 1024 2951 Th.
1051 2916 1112 2958 IV,
1130 2917 1161 2959 7,
1182 2916 1213 2961 1]
1239 2916 1459 2961 dependeat.

298 2973 414 3020 Leges
438 2974 730 3010 Alamannorum
760 2977 855 3010 teste
887 2974 1104 3009 Lehmanno
1138 2974 1233 3018 [NA.
1258 2974 1302 3015 X,
1321 2974 1400 3018 501]
1433 2973 1497 3018 qui
1530 2984 1591 3007 eas
1628 2974 1813 3017 postremo
1845 2970 1978 3012 edidit,
2012 2969 2106 3004 nihil

184 3043 268 3066 cum
284 3031 363 3067 iure
380 3031 547 3068 Romano
573 3044 764 3068 commune
788 3032 972 3076 habent.⁴)
1014 3031 1212 3077 Savignius
1232 3032 1289 3076 [II,
1308 3032 1364 3076 84]
1384 3031 1478 3077 legis
1496 3029 1786 3065 Baiuwariorum
1805 3029 1830 3071 I,
1852 3030 1881 3070 1,
1904 3030 1945 3063 12
1962 3031 2107 3074 partem

301 3148 329 3190 ι)
354 3149 406 3181 ed.
422 3149 581 3182 Behrend
601 3148 697 3189 1897,
716 3161 747 3192 p.
763 3147 818 3181 25.
856 3149 923 3181 cfr.
939 3149 1094 3191 Loening
1112 3150 1154 3189 Il,
1169 3147 1277 3187 552¹;
1295 3149 1334 3180 E.
1348 3149 1469 3190 Mayer
1486 3147 1507 3179 l.
1526 3158 1554 3180 c.
1572 3146 1614 3179 81
1628 3147 1655 3166 ¹¹
1671 3144 1758 3188 (82);
1776 3147 1933 3178 Brunner
1950 3146 1974 3183 Ι,
1989 3143 2056 3176 294
2068 3144 2104 3176 ¹¹.

300 3205 330 3248 ²)
355 3207 514 3239 Brunner
537 3207 580 3248 11,
605 3205 672 3239 669
683 3206 723 3237 ²⁷.
771 3207 863 3239 Idem
888 3207 923 3238 in
949 3217 1067 3239 comm.
1095 3207 1174 3238 min.
1200 3206 1309 3238 Berol.
1337 3204 1456 3246 (1894)
1483 3216 1513 3248 p.
1540 3203 1607 3237 563
1632 3215 1680 3245 sq.

301 3263 329 3306 ³)
356 3265 406 3297 ed.
434 3264 536 3297 Sohm
561 3264 607 3296 M.
627 3265 666 3297 G.
685 3265 753 3296 LL.
772 3265 812 3304 V,
831 3262 908 3295 242.

307 3321 334 3361 4)
360 3321 457 3354 SaV.²
480 3322 526 3361 II,
544 3319 588 3353 95
619 3321 704 3364 legis
728 3321 839 3353 Alam.
864 3321 916 3353 tit.
940 3318 983 3352 39
1010 3330 1087 3352 cum
1114 3320 1169 3351 Br.
1188 3319 1252 3351 Th.
1271 3320 1330 3359 111,
1353 3317 1405 3358 10,
1427 3316 1442 3349 1
1470 3322 1503 3350 et
1527 3319 1587 3358 ΠΙ,
1607 3316 1660 3359 12,
1678 3315 1699 3350 3
1724 3317 1911 3359 coniungit.
1960 3316 2024 3348 Sed
2054 3326 2107 3348 res

189 3368 288 3401 aliter
313 3379 350 3401 se
374 3368 488 3409 habet,
514 3373 553 3400 ut
577 3367 645 3410 legi
669 3372 780 3410 potest
803 3367 895 3410 apud
919 3366 1051 3399 Merkel
1075 3367 1121 3398 M.
1141 3367 1181 3398 G.
1197 3366 1264 3397 LL.
1291 3366 1350 3407 111,
1371 3363 1458 3397 57⁷⁰
1482 3368 1515 3397 et
1539 3365 1693 3407 Loening
1717 3365 1760 3406 11,
1777 3363 1855 3397 552.

2195 2221 2298 2263 Leyes

2158 2268 2335 2299 nationum

2157 2314 2335 2346 (r'ermsmi-

2179 2372 2307 2393 carum.
