2485 3615
74 1328 245 1361 Brcz‘e’arll
265 1340 344 1359 usus

101 1377 134 1407 ἱη
161 1376 315 1407 Francia

95 1422 321 1453 meridionali.

102 1904 135 1935 ἰιι
162 1902 316 1934 Francia

73 1950 297 1991 seplcnlrlnna
304 1949 337 1981 li,

165 2261 256 2292 Iuris

90 2307 275 2340 Ivstz‘m'ani
301 2307 336 2338 in

136 2354 291 2395 partibus

100 2401 318 2432 Francorum

149 2448 278 2479 notitia.

1162 176 1205 180 —
1255 146 1432 190 CCCXI'V
1482 167 1524 180 -<

380 263 556 305 Romana,
583 272 678 306 quae
703 259 924 305 aequalibus
948 259 1022 294 suis
1047 258 1137 293 iuris
1155 257 1312 293 Romani
1331 258 1496 303 vulgaris
1520 257 1653 303 peritis
1678 257 1779 293 haud
1803 257 1935 303 ignota
1960 258 2043 299 fuit,
2070 259 2129 293 tot
2154 248 2300 302 capitu-

379 322 472 356 laria
498 321 633 366 fingere
658 331 776 364 neque
803 316 1061 353 constitutioni
1087 316 1365 352 Sirmondianae
1391 315 1550 360 primae,
1580 328 1692 360 quam
1716 315 1754 350 in
1781 315 1907 351 codice
1934 316 2095 360 quodam
2122 315 2304 351 Breviarii

379 391 422 413 ex
452 378 548 413 libro
579 377 721 413 decimo
752 379 854 412 sexto
885 374 1135 410 Theodosiani
1169 373 1321 419 genuini
1355 376 1465 409 aucto
1498 373 1660 414 invenit,
1695 374 1850 408 formam
1885 373 2108 418 capitularis
2140 373 2303 410 dedisset

378 448 496 480 neque
515 435 668 471 dixisset
693 434 945 480 legislatorem
971 444 1053 467 eam
1080 432 1250 467 consultu
1276 431 1438 467 omnium
1464 431 1627 467 fidelium
1653 434 1732 466 tam
1757 431 1974 466 clericorum
1991 444 2103 476 quam
2119 431 2301 467 laicorum

380 506 422 528 ex
448 493 542 528 libro
568 493 710 528 dec-imo
736 495 838 527 sexto
865 489 1003 525 codicis
1029 489 1278 525 Theodosiani
1303 489 1402 525 inter
1425 489 1596 535 capitula
1621 501 1687 535 pro
1713 490 1796 535 lege
1821 489 1982 525 tenenda
2007 490 2172 535 posuisse
2200 489 2302 534 [Ben.

381 551 464 586 Lev.
485 551 529 593 ll,
549 552 635 591 366;
661 550 709 584 M.
729 549 768 583 G.
789 549 856 583 LL.
876 548 955 590 sz),
975 547 1046 592 91].

494 619 683 654 Postremo
708 630 780 653 non
805 616 952 652 omnino
979 616 1226 652 omittendum
1251 616 1322 652 erit
1352 615 1573 662 scriptorem
1598 616 1784 661 epitomae
1810 616 2042 663 Aegidianae
2070 618 2301 658 decurtatae,

379 689 491 721 quam
517 677 631 711 codex
659 674 920 710 Ambrosianus
947 676 990 709 46
1008 674 1070 709 inf.
1099 674 1241 710 decimo
1267 675 1416 709 saeculo
1449 674 1487 708 in
1513 675 1627 710 Italia
1658 674 1943 719 septentrionali
1976 675 2166 710 confectus
2197 675 2305 711 nobis

380 734 545 778 praebet,
571 733 610 767 iu
635 731 819 777 principio
844 731 884 765 in
909 731 1057 766 rubrica
1081 731 1282 776 marginali
1301 732 1414 766 verba
1439 731 1624 776 posuisse:
1649 731 1768 767 ‘Haec
1795 732 1965 777 capitula
1990 744 2013 767 a
2031 732 2162 768 Carolo
2187 733 2308 778 primo

379 795 417 827 et
439 791 570 836 Pipino
595 790 671 825 fflio
697 789 775 825 eius
800 789 897 824 inter
922 789 1024 835 leges
1042 789 1265 824 Francorum
1290 791 1444 833 recepta
1468 790 1507 823 et
1532 788 1656 833 posita
1680 788 1791 824 sunt.’
1831 789 1933 824 Haec
1958 789 2138 831 clausula,
2165 790 2209 825 de
2234 801 2309 835 qua

379 849 476 884 inter
501 851 642 884 ceteros
669 847 860 888 Conratus,
886 847 1051 888 Patetta,
1079 847 1117 882 P.
1136 846 1313 881 Fournier
1337 847 1541 891 egerunt¹)‚
1567 846 1743 887 ostendit,
1769 846 2009 891 quantumvis
2034 847 2100 882 illo
2126 849 2304 893 tempore,

379 918 451 950 quo
478 908 659 950 concepta
684 908 750 947 est,
777 905 899 940 adhuc
924 904 963 939 in
988 904 1165 939 memoria
1183 904 1306 946 fuerit,
1333 907 1512 948 quantam
1531 915 1658 938 curam
1677 903 1743 938 ille
1760 903 1963 950 imperator
1980 904 2095 940 etiam
2115 904 2305 941 Breviario

378 967 502 999 nostro
528 963 769 1008 impendisset
796 966 834 998 et
859 962 984 1008 opinio
1003 962 1164 997 valuerit
1183 962 1355 997 Carolum
1373 960 1602 996 Breviarium
1621 961 1873 997 Alaricianurn
1899 962 1938 997 in
1962 963 2064 1009 leges
2081 962 2307 998 Francorum

379 1023 571 1067 recepisse.
627 1022 826 1057 Praeterea
856 1021 887 1056 si
919 1021 1041 1056 scriba
1071 1020 1190 1066 ipsius
1221 1020 1359 1055 codicis
1385 1020 1444 1055 vel
1477 1019 1572 1055 alius
1604 1019 1759 1055 Italicus
1794 1020 1890 1054 hanc
1920 1020 2107 1056 rubricam
2143 1023 2187 1056 ut
2217 1022 2310 1067 puto

380 1079 549 1123 confecit,
577 1079 718 1114 decimo
744 1079 892 1114 saeculo
919 1079 1034 1114 etiam
1059 1078 1096 1112 in
1124 1078 1266 1113 Italia
1292 1077 1577 1124 septentrionali
1602 1076 1770 1113 homines
1801 1076 1858 1112 ita
1883 1077 1927 1111 de
1954 1077 2145 1114 Breviario
2170 1078 2311 1124 cogita-

380 1136 475 1172 visse
503 1136 684 1171 videntur.
734 1136 805 1172 Sed
838 1137 882 1171 de
915 1136 1025 1171 rebus
1058 1138 1267 1181 temporum
1294 1135 1418 1170 Caroli
1451 1135 1557 1170 nobis
1588 1134 1683 1169 nihil
1719 1134 1810 1170 certi
1837 1135 2016 1180 praebere
2041 1138 2184 1181 potest,
2213 1136 2312 1181 quod

379 1195 485 1229 illum
510 1206 581 1229 non
607 1194 744 1239 fugiet,
777 1193 841 1238 qui
872 1193 959 1235 scit,
993 1205 1103 1237 quam
1137 1193 1211 1228 cito
1244 1193 1320 1227 illis
1354 1204 1500 1237 quoque
1532 1192 1763 1237 temporibus
1787 1192 1966 1228 memoria
1990 1204 2112 1228 rerum
2137 1195 2308 1229 actarum

381 1253 587 1297 varietur.‘·’)

495 1316 634 1351 Multos
665 1328 731 1361 per
762 1328 877 1351 annos
907 1315 946 1350 in
975 1314 1051 1349 illis
1084 1314 1300 1360 regionibus
1325 1314 1400 1349 fere
1427 1325 1533 1349 omne
1558 1314 1615 1349 ius
1641 1314 1846 1349 Romanum
1873 1326 1917 1349 ex
1941 1313 2136 1350 Breviario
2160 1314 2308 1350 haurie-

380 1373 501 1408 batur.
545 1372 696 1408 Maximi
722 1372 899 1407 momenti
924 1372 961 1407 in
989 1372 1161 1417 partibus
1186 1372 1506 1408 meridionalis
1525 1371 1703 1407 Franciae
1730 1375 1820 1414 erat,
1846 1371 1886 1406 in
1903 1371 2039 1417 quibus
2056 1372 2176 1408 multo
2193 1372 2313 1408 maior

382 1443 466 1475 pars
491 1431 630 1466 ibidem
655 1431 911 1466 habitantium
937 1433 1091 1476 propter
1116 1430 1297 1476 originem
1322 1430 1526 1465 Romanam
1562 1429 1642 1465 eius
1671 1429 1836 1465 rationes
1865 1432 1994 1465 secuta
2020 1434 2086 1466 est.
2135 1430 2312 1476 Vigorem

380 1488 470 1523 iuris
501 1489 660 1523 Romani
692 1500 797 1534 reges
829 1490 1014 1524 auxerunt
1044 1488 1167 1523 edicto
1198 1487 1361 1523 Pistensi
1387 1489 1480 1532 (2564)
1514 1488 1727 1524 ordinantes
1758 1488 1794 1523 in
1830 1489 2001 1534 partibus
2035 1489 2127 1525 iuris
2154 1490 2312 1525 Romani

379 1547 545 1582 homines
571 1549 725 1592 propter
749 1547 929 1582 nonnulla
955 1546 1109 1581 crimina
1134 1546 1289 1591 publica
1313 1558 1386 1580 non
1410 1546 1487 1580 illis
1512 1546 1652 1591 poenis,
1678 1557 1774 1591 quae
1801 1546 2028 1592 capitularia
2051 1559 2182 1593 regum
2199 1547 2311 1583 Fran-

380 1616 504 1639 corum
530 1604 773 1646 constituunt,
803 1604 1018 1640 afficiendos
1043 1604 1107 1639 sed
1132 1604 1334 1640 secundum
1359 1604 1482 1649 legem
1507 1604 1587 1646 fori,
1613 1616 1708 1649 quae
1735 1604 1875 1641 ibidem
1900 1605 2070 1640 Romana
2095 1605 2178 1648 fuit,
2204 1605 2313 1651 puni-

380 1662 491 1697 endos
516 1674 603 1697 esse.
647 1661 741 1696 Aliis
767 1674 786 1697 e
811 1662 1001 1708 capitibus
1025 1662 1140 1697 edicti
1166 1662 1286 1707 legem
1313 1661 1467 1708 originis
1493 1662 1744 1697 adhibendam
1761 1674 1838 1699 esse
1861 1662 2036 1709 intellegi
2059 1665 2196 1709 potest,
2215 1675 2312 1708 quae

381 1732 464 1756 vero
499 1722 542 1754 ut
574 1731 685 1765 supra
719 1719 895 1762 diximus,
933 1720 1064 1755 incolis
1101 1720 1180 1756 eius
1216 1719 1381 1766 regionis
1414 1719 1632 1765 plerumque
1667 1720 1834 1756 Romana
1866 1722 1958 1757 erat.
2016 1721 2222 1757 Paullatim
2253 1721 2313 1757 ius

379 1778 586 1814 Romanum
604 1778 641 1812 in
662 1778 833 1823 partibus
850 1778 1103 1814 meridionalis
1122 1778 1300 1813 Franciae
1326 1777 1383 1812 ius
1402 1780 1523 1813 terrae
1541 1778 1683 1813 factum
1709 1781 1765 1814 est
1789 1778 1918 1823 itaque
1945 1778 1983 1813 in
2008 1778 2168 1823 iudiciis,
2190 1779 2312 1824 quoad

381 1836 665 1872 consuetudines
684 1836 892 1872 contrariae
910 1849 982 1871 non
1001 1836 1235 1878 exstiterunt,
1254 1848 1349 1881 quae
1367 1836 1439 1871 iuri
1465 1836 1606 1882 scripto
1625 1837 1911 1879 antecedebant,
1937 1836 2145 1883 promiscue
2170 1839 2210 1874 et
2234 1837 2312 1873 sine

381 1893 457 1928 ullo
491 1893 702 1929 discrimine
737 1894 1030 1938 adhibebatur.³)
1085 1894 1155 1929 Sed
1187 1894 1301 1930 etiam
1338 1894 1376 1928 in
1410 1893 1772 1939 septentrionali
1806 1897 1914 1939 parte
1948 1894 2055 1940 regni
2087 1894 2311 1931 Francorum

382 1951 539 1986 Romani
570 1951 606 1986 in
632 1952 709 1986 foro
734 1951 925 1987 Breviario
956 1953 1175 1993 utebantur,
1210 1951 1388 1996 quamdiu
1420 1952 1622 1987 secundum
1648 1950 1830 1998 originem
1861 1953 1939 1988 eius
1965 1951 2099 1997 cuique
2131 1952 2189 1988 ius
2214 1952 2311 1989 dice-

381 2010 502 2044 batur.
553 2008 759 2044 Paullatim
790 2010 969 2044 nonnulla
1005 2021 1048 2044 ex
1081 2009 1158 2045 iure
1191 2010 1355 2045 Romano
1382 2008 1563 2044 Breviarii
1596 2009 1635 2043 in
1669 2009 1726 2044 ius
1760 2009 2127 2053 consuetudinarium
2161 2009 2311 2046 illorum

382 2067 508 2101 finium
543 2067 771 2103 transierunt
783 2070 828 2111 ⁴),
863 2067 1025 2112 undique
1054 2079 1138 2103 vero
1164 2067 1347 2102 Breviarii
1374 2066 1660 2102 constitutiones
1685 2068 1762 2103 iure
1789 2067 2115 2104 consuetudinario
2151 2068 2311 2104 multum

383 2124 679 2160 immutabantur
708 2125 836 2170 itaque
870 2125 922 2167 id,
955 2126 1053 2170 quod
1083 2126 1330 2161 instrumenta
1364 2125 1513 2170 aliaque
1545 2125 1687 2170 scripta
1718 2125 1853 2171 ‘legem
1886 2125 2101 2161 Romanam’
2134 2125 2212 2161 sive
2244 2126 2314 2162 ‘ius

383 2182 603 2218 Romanum'
627 2183 834 2228 appellant,
860 2195 882 2218 a
908 2183 1089 2219 Breviarii
1115 2183 1421 2229 dispositionibus
1448 2183 1556 2218 valde
1582 2183 1784 2227 discedit.⁵)

499 2254 559 2287 Ius
591 2252 797 2288 Romanum
832 2252 1030 2288 Iustiniani
1064 2265 1150 2288 vero
1185 2255 1344 2298 excepta
1374 2253 1442 2288 illa
1472 2252 1610 2288 Iuliani
1641 2252 1807 2298 epitoma
1838 2254 1988 2297 praeter
2014 2252 2271 2299 Burgundiam
2285 2255 2312 2298 ⁶)

384 2314 470 2346 ante
505 2311 694 2346 saeculum
725 2311 982 2346 duodecimum
1016 2311 1185 2347 omnibus
1216 2311 1396 2347 Franciae
1422 2311 1716 2356 Germaniaeque
1747 2310 1921 2357 partibus
1955 2310 2102 2346 omnino
2138 2310 2310 2357 ignotum

383 2369 498 2413 fuit.⁷)
547 2369 692 2404 Primus
716 2369 874 2405 fortasse
904 2369 943 2404 in
968 2369 1044 2404 illis
1070 2369 1305 2411 civitatibus,
1339 2382 1434 2414 quae
1465 2382 1621 2416 regnum
1645 2369 1870 2404 Francorum
1903 2371 2053 2404 secutae
2091 2372 2214 2411 erant,
2249 2369 2314 2405 Ivo

385 2427 620 2462 Carnotensis
642 2427 700 2462 ius
724 2428 923 2463 Iustiniani
948 2428 987 2463 in
1011 2428 1118 2463 libris
1143 2427 1218 2463 suis
1243 2427 1419 2463 adhibuit
1444 2431 1482 2463 et
1507 2427 1702 2473 excerpsit.
1743 2428 1795 2463 At
1819 2427 1900 2473 ipse
1925 2439 1970 2463 ex
1995 2426 2174 2473 originali
2198 2439 2313 2462 unum

384 2484 549 2520 codicem
573 2485 695 2527 novit,
720 2485 991 2521 Pandectarum
1018 2488 1055 2521 et
1081 2486 1366 2522 Institutionum
1390 2486 1491 2521 locos
1516 2497 1560 2522 ex
1587 2486 1806 2531 compendio
1831 2486 1921 2523 iuris
1947 2485 2147 2522 Iustiniani
2173 2484 2314 2527 hausit,

505 2628 529 2668 ¹)
556 2630 614 2660 cfr.
641 2628 725 2660 haec
749 2628 996 2670 Prolegomena
1023 2641 1053 2671 p.
1073 2629 1238 2662 XXXVII
1249 2628 1269 2662 ².

501 2691 528 2731 ²)
556 2692 692 2724 Waitz²
718 2693 774 2731 VI,
797 2691 877 2725 516.
908 2711 952 2717 —
986 2693 1080 2733 Quae
1112 2694 1248 2735 quidem
1280 2693 1321 2726 de
1356 2693 1486 2736 origine
1516 2703 1720 2735 magnorum
1758 2691 1842 2724 iuris
1873 2690 2067 2723 Germanici
2102 2689 2205 2722 medii
2239 2689 2314 2721 aevi

386 2738 606 2779 speculorum
641 2739 776 2771 saeculo
808 2740 892 2770 XIII
928 2742 1159 2772 confectorum
1196 2741 1350 2772 homines
1386 2740 1453 2771 iam
1491 2739 1628 2772 saeculo
1660 2738 1742 2770 XIV
1771 2737 1954 2774 senserint.
1992 2736 2165 2769 Henricus
2202 2735 2315 2778 Siegel

386 2785 570 2816 illustravit
595 2785 630 2816 in
648 2796 768 2818 comm.
788 2787 866 2818 min.
887 2786 985 2818 Vind.
1003 2787 1044 2818 cl.
1063 2787 1146 2829 phil.
1165 2787 1243 2819 hist.
1262 2787 1362 2826 CXL,
1382 2796 1529 2828 quocum
1548 2786 1672 2827 confer,
1699 2795 1788 2827 quae
1813 2784 1885 2827 ipse
1910 2784 2041 2826 scripsi,
2066 2783 2203 2816 szG.²
2219 2782 2315 2824 XXI,

386 2830 452 2863 2I3
467 2842 515 2873 sq.
542 2838 575 2863 et
599 2829 676 2864 215.

503 2894 529 2936 ³)
556 2896 713 2928 Brunner
736 2897 762 2935 Ι,
787 2895 871 2935 263;
903 2896 1027 2928 Tardis
1048 2897 1116 2928 ΟΒ.
1142 2895 1208 2928 ‘267
1223 2907 1290 2938 sq.;
1324 2896 1450 2928 Conrat
1474 2897 1500 2936 I,
1517 2893 1603 2935 43⁶;
1636 2894 1798 2927 Brissaud
1823 2893 1865 2926 61
1891 2898 1926 2927 et
1951 2891 2017 2926 150
2029 2904 2078 2935 sq.
2105 2911 2147 2916 —
2172 2892 2315 2925 Senten-

386 2941 468 2972 tiam
500 2941 679 2974 consulum
711 2943 956 2975 Tolosanorum
990 2943 1073 2975 anni
1100 2941 1187 2975 1246
1218 2954 1260 2975 ex
1291 2943 1598 2975 consuetudinibus
1631 2947 1664 2974 et
1695 2941 1912 2973 libertatibus
1942 2940 2120 2973 Tolosanis
2144 2938 2316 2972 Tardifius

386 2987 420 3018 in
445 2987 578 3020 libello:
605 2989 652 3020 Le
678 2989 765 3020 droit
790 2989 884 3031 prive'
908 3000 951 3021 au
977 2990 1083 3021 Xlne
1109 2989 1210 3022 si'ecle
1237 2988 1356 3029 (1585)
1383 3001 1413 3031 p.
1433 2988 1478 3020 5³
1502 2989 1660 3031 praebet:
1685 2985 1766 3019 ‘Est
1790 2987 2001 3020 consuetudo
2026 2986 2061 3018 in
2086 2986 2153 3018 hac
2177 2985 2315 3018 civitate

386 3035 562 3073 contraria,
590 3045 675 3075 quae
701 3036 766 3067 iuri
791 3038 916 3078 scripto
942 3036 1118 3078 praevalet
1142 3041 1176 3067 et
1200 3042 1251 3068 est
1275 3036 1411 3078 penitus
1437 3030 1675 3067 observanda.³

504 3097 530 3137 ⁴)
557 3098 736 3131 Caillemer
761 3098 862 3141 qu.;
897 3101 937 3131 A.
957 3100 1091 3140 Tardis,
1127 3100 1174 3130 Le
1205 3099 1291 3131 droit
1322 3098 1416 3141 prive'
1450 3110 1481 3140 p.
1506 3097 1527 3131 5
1561 3098 1745 3140 praecipue
1775 3096 2041 3129 consuetudines
2073 3094 2315 3127 Atrebatenses

387 3140 579 3185 [eoutmnes
604 3143 764 3186 d'Artois]
791 3144 1025 3178 1253-1302
1049 3144 1101 3187 [Τ.
1120 3146 1207 3186 LIV,
1225 3144 1246 3176 ‘2
1272 3146 1332 3177 cfr.
1358 3146 1412 3176 ΒΥ.
1432 3145 1495 3177 Th.
1522 3146 1564 3183 11,
1583 3143 1614 3183 9,
1633 3142 1654 3175 ‘2
1680 3141 1755 3186 int]
1781 3144 1946 3176 nominat.

507 3207 532 3248 ⁵)
560 3208 682 3239 Tardis
703 3209 772 3240 ΟΒ.
798 3207 864 3240 267
879 3220 944 3250 sq.;
972 3209 1085 3241 Stouff
1106 3208 1126 3240 9
1152 3213 1185 3240 et
1212 3207 1263 3240 10.

507 3270 534 3310 ⁸)
561 3272 687 3303 Conrat
712 3274 736 3312 Ι,
756 3271 798 3303 37
814 3284 880 3314 sq.;
912 3273 1051 3305 Halban
1076 3273 1102 3313 I,
1120 3270 1203 3312 269;
1237 3270 1365 3311 11,342
1391 3277 1424 3304 et
1451 3269 1556 3309 35333
1589 3271 1723 3302 Patetta
1754 3269 1788 3301 in
1814 3270 1889 3302 Riv.
1908 3269 1948 3301 It.
1974 3269 2052 3311 XII,
2069 3256 2199 3312 3O9s1'1.
2226 3268 2316 3301 hane

390 3318 525 3348 Conrati
551 3319 744 3360 opinionem
770 3319 925 3361 denegat.

507 3379 534 3422 7)
562 3381 685 3412 Contu-it
710 3383 734 3419 I,
754 3380 797 3413 33
811 3393 858 3423 sq.
887 3386 919 3414 et
945 3380 986 3413 77
1002 3393 1071 3423 sq.;
1098 3381 1257 3413 Brissaud
1284 3378 1350 3412 170
1363 3392 1412 3423 sq.
1440 3387 1473 3413 et
1499 3377 1573 3413 176.
