2501 3615
885 809 1080 853 OAPVT
1119 809 1397 852 TERTIVM.

417 919 513 972 EX
557 918 1075 973 THEODOSIANO
1120 918 1434 971 INTEGRO
1479 918 1857 972 EXCERPTA

725 1023 1051 1076 PRAETER
1093 1022 1559 1075 ALARICIANA.

289 1155 570 1201 Composuimus
597 1155 666 1191 hoc
693 1155 818 1200 capite
843 1166 937 1200 quae
965 1155 1143 1190 habemus
1169 1158 1345 1199 excerpta
1371 1166 1415 1189 ex
1433 1153 1690 1190 Theodosiano
1717 1154 1861 1200 integro
1887 1156 2034 1199 praeter
2059 1165 2101 1189 ea

172 1224 268 1258 quae
285 1213 450 1250 servavit
464 1213 635 1258 Epitome
649 1212 863 1248 Alarieiana
882 1224 964 1247 611111
983 1212 1160 1248 auctariis
1179 1212 1263 1255 31113,
1284 1213 1327 1247 de
1342 1212 1476 1257 quibus
1495 1212 1618 1257 capite
1633 1211 1764 1257 quinto
1783 1223 1942 1247 seorsum
1961 1214 2102 1256 agetur.

287 1283 315 1318 Ι.
352 1282 582 1319 Theodosius
607 1284 641 1318 II
668 1295 749 1319 iiov.
770 1284 809 1318 11
839 1294 950 1327 quam
976 1281 1077 1318 tollit
1105 1281 1410 1317 constitutionem
1443 1282 1486 1317 de
1513 1284 1635 1317 tutore
1669 1293 1689 1316 a
1715 1284 1832 1317 matre
1865 1280 2010 1326 pupillo
2042 1291 2102 1325 pe—
2151 1281 2314 1314 Non-ellae

173 1341 302 1383 tendo,
336 1352 449 1386 quam
479 1340 743 1386 interpretatio
772 1340 879 1376 addit
911 1340 1022 1375 fuisse
1055 1339 1090 1374 in
1117 1339 1367 1375 Theodosiani
1395 1351 1558 1384 corpore,
1594 1339 1633 1373 in
1660 1351 1701 1374 eo
1727 1338 1836 1374 hodie
1862 1338 2101 1379 desideratur,
2135 1328 2325 1370 postmeod.

173 1410 259 1434 nam
292 1398 470 1435 ficticiam
507 1410 584 1434 esse
618 1410 730 1443 quam
760 1399 806 1434 ad
831 1398 967 1440 3‚18‚2
997 1397 1129 1433 inserit
1161 1398 1275 1432 codex
1300 1397 1334 1432 L
1359 1397 1497 1432 ibidem
1523 1397 1678 1432 ostendi.
1727 1397 1804 1430 Nos
1829 1395 2103 1441 adlegationem

172 1455 280 1492 illam
304 1456 434 1492 eodem
463 1457 546 1492 1060
577 1455 777 1501 posuimus.
805 1475 846 1481 —
867 1453 1125 1490 Valentiniani
1153 1454 1205 1487 111
1230 1454 1399 1489 novellae
1426 1453 1645 1488 nominatim
1671 1464 1713 1489 ex
1740 1452 1996 1488 Theodosiano
2023 1463 2103 1487 6011-

172 1512 388 1550 stitutiones
414 1514 506 1549 duas
531 1514 720 1559 adlegant,
748 1513 807 1549 tit.
823 1513 865 1548 31
886 1512 1001 1558 praef.
1024 1512 1145 1558 legem
1169 1511 1319 1546 Honorii
1344 1511 1391 1546 ad
1415 1511 1625 1545 Palladium
1649 1510 1809 1552 missam,
1836 1522 1930 1555 quae
1958 1522 2040 1544 611111
2066 1509 2103 1543 111

172 1571 308 1607 nostris
330 1571 439 1607 libris
464 1571 703 1613 desideretur,
731 1570 945 1606 coniectura
970 1571 1093 1606 locum
1118 1570 1152 1606 ei
1177 1570 1253 1611 :3‚1‚
1272 1569 1312 1604 10
1338 1568 1624 1614 adsignavimus,
1651 1572 1688 1604 et
1713 1569 1772 1604 tit.
1787 1570 1831 1603 34
1851 1568 1965 1613 praef.
1983 1567 2104 1612 legem

172 1628 324 1664 Arcadii
349 1632 388 1665 et
412 1629 575 1670 Honorii‚
602 1629 775 1664 nimirum
804 1629 972 1670 16,11,1.
999 1648 1042 1653 -
1067 1627 1288 1663 Anthemius
1314 1626 1471 1670 denique
1498 1637 1579 1661 nov,
1597 1627 1618 1661 3
1644 1626 1775 1661 laudat
1801 1624 2104 1660 constitutionem

173 1685 242 1721 Th.
261 1686 315 1729 10,
330 1686 361 1728 8,
376 1686 407 1720 3.
436 1707 477 1712 —
503 1687 771 1732 Interpretatio
796 1686 1011 1722 Alariciana
1038 1686 1159 1722 citans
1184 1684 1488 1720 constitutionem
1520 1684 1566 1718 ad
1597 1695 1678 1718 nov.
1698 1682 1835 1717 Theod.
1858 1683 1899 1717 14
1922 1682 1979 1718 ‘ex
2008 1681 2104 1716 libro

173 1743 320 1780 oetavo'
343 1746 409 1780 aut
441 1744 632 1790 intellegit
662 1745 783 1791 legem
809 1744 946 1786 8‚18‚4
977 1756 1050 1779 non
1082 1746 1271 1788 receptam
1304 1742 1340 1776 in
1366 1740 1596 1776 Breviarium
1626 1744 1692 1776 aut
1723 1739 1952 1785 deperditam
1979 1738 2102 1774 aliam.

172 1801 313 1838 Eadem
347 1802 395 1837 ad
426 1813 510 1837 now
532 1802 670 1838 Theod.
689 1803 734 1838 22
765 1803 919 1848 adlegat
953 1801 1256 1837 constitutionem
1286 1801 1317 1842 4,
1335 1800 1399 1842 6‚7
1435 1802 1473 1834 et
1506 1799 1625 1843 ipsam
1659 1810 1680 1832 a
1709 1795 1899 1832 Breviario
1933 1795 2103 1830 alienam.

175 1859 374 1896 Praeterea
399 1859 448 1894 ad
471 1859 670 1896 Maioriani
694 1872 777 1895 nov,
793 1861 812 1894 7
838 1860 969 1895 laudat
993 1860 1115 1905 legem
1137 1857 1394 1893 Theodosiano
1421 1855 1564 1901 corpori
1590 1854 1764 1890 insertam
1788 1853 1845 1889 ‘de
1872 1852 2103 1898 collegiatis’,

173 1917 239 1953 sed
261 1917 301 1953 in
326 1928 369 1952 eo
392 1917 506 1953 titulo
527 1919 579 1960 14,
595 1918 615 1952 7
641 1917 675 1953 ei
701 1917 912 1954 laudationi
938 1917 1158 1953 constitutio
1184 1916 1289 1951 nulla
1314 1917 1413 1950 recte
1438 1913 1645 1958 respondet.
1668 1932 1709 1937 —
1734 1909 1997 1947 Praetermitto
2024 1921 2104 1944 con-

174 1974 390 2010 stitutiones
414 1975 484 2011 sub
509 1975 586 2011 solo
612 1975 850 2021 imperatoris
875 1974 1021 2011 nomine
1046 1975 1241 2020 adlegatas
1267 1973 1304 2007 in
1322 1971 1500 2013 Nox-eliis,
1526 1973 1569 2006 ut
1592 1968 1886 2005 Theodosianam
1909 1968 2039 2010 4,14,1
2066 1966 2104 2001 111

174 2031 433 2069 Valentiniani
456 2033 551 2068 Nov.
569 2033 624 2076 26,
639 2033 660 2068 3
685 2036 724 2069 et
747 2033 871 2075 3413.

293 2102 338 2137 II.
371 2101 542 2148 Corporis
560 2102 783 2148 scriptorum
800 2101 1090 2148 gromaticorum
1108 2101 1166 2142 (de
1185 2099 1288 2135 6111113
1311 2097 1454 2144 origine
1481 2100 1515 2132 et
1536 2096 1767 2132 ordinatione
1794 2095 1852 2141 egi
1880 2094 1917 2129 in
1935 2093 2108 2130 editionis
2136 2094 2322 2126 Gromatici

175 2159 501 2197 Lachmanm'anae
528 2161 598 2196 vol.
616 2161 637 2196 2
663 2173 698 2206 p.
719 2160 784 2195 143
798 2171 872 2204 seq.
904 2163 941 2195 et
972 2159 1011 2193 in
1037 2158 1235 2194 annalibus
1259 2155 1447 2192 Rhenanis
1474 2155 1544 2190 vol.
1562 2156 1606 2191 96
1636 2167 1672 2200 p.
1695 2154 1763 2189 272
1777 2155 1865 2198 seq.)
1897 2164 1982 2197 pars
2013 2151 2106 2187 anti-

175 2217 371 2262 quissima,
404 2230 500 2263 quae
526 2218 675 2255 videtur
699 2218 907 2264 composita
941 2229 1018 2253 esse
1050 2217 1088 2251 in
1113 2216 1202 2251 urbe
1230 2216 1346 2250 Roma
1377 2226 1470 2249 saec.
1490 2213 1523 2247 V
1547 2224 1614 2258 per
1639 2211 1814 2246 officiales
1840 2209 1970 2245 vicarii
1995 2209 2105 2251 urbis,

172 2278 480 2321 ,repraesentatur
503 2278 630 2312 autem
655 2276 762 2312 libris
787 2276 860 2311 AB
885 2274 1125 2316 Lachmauni,
1152 2276 1327 2318 excerpta
1352 2272 1455 2306 nulla
1481 2271 1596 2305 habet
1621 2282 1665 2305 ex
1691 2267 1946 2304 Theodosiano
1973 2270 2010 2303 et
2035 2268 2104 2302 for-

177 2335 276 2370 tasse
295 2345 378 2369 eum
397 2336 564 2380 tempore
582 2335 784 2380 praeeedit.
823 2334 1045 2379 Comparent
1071 2344 1113 2368 ea
1139 2332 1238 2377 apud
1264 2329 1488 2376 gromaticos
1509 2328 1668 2373 primum
1692 2326 1728 2361 in
1751 2325 1856 2360 libris
1874 2324 2106 2376 E(rfurtensi)

176 2391 382 2436 P(alatin0)
408 2392 624 2437 G(udiano)‚
659 2393 762 2428 cuius
792 2393 931 2428 formae
957 2391 1204 2436 archetypum
1229 2388 1424 2424 ascendere
1449 2388 1574 2432 potest
1600 2384 1690 2421 item
1715 2384 1762 2419 ad
1790 2383 1978 2419 saeculum
2003 2382 2106 2427 quin-

177 2452 274 2490 tum;
301 2449 547 2495 compositum
573 2462 650 2486 esse
676 2453 762 2486 ante
790 2449 1036 2486 Iustinianum
1062 2448 1146 2483 inde
1172 2447 1319 2482 videtur
1344 2445 1450 2485 effici,
1477 2443 1574 2488 quod
1599 2441 1820 2477 recentiores
1845 2441 1990 2476 demum
2014 2440 2106 2476 eius-

176 2507 258 2542 dem
291 2506 431 2542 formae
462 2507 550 2543 libri
575 2508 647 2543 PG
677 2508 856 2544 exhibent
887 2510 1063 2553 excerpta
1095 2518 1138 2541 ex
1165 2504 1361 2540 Iustiniani
1386 2501 1550 2547 digestis.
1599 2499 1858 2535 Theodosiana
1889 2502 2036 2534 servata
2067 2498 2104 2533 in

177 2562 284 2599 libris
310 2564 419 2600 EPG
443 2564 626 2611 inscripta
650 2566 707 2602 ‘ex
733 2577 885 2611 corpore
911 2563 1160 2601 Theodosiani
1185 2561 1343 2598 secundo
1369 2560 1463 2595 libro
1493 2558 1604 2595 titulo
1630 2558 1674 2593 de
1699 2556 1824 2591 finium
1849 2556 2108 2602 regundorum’

178 2620 248 2663 (ed.
266 2621 416 2657 Laehm.
434 2634 470 2668 p.
487 2623 600 2657 267—
611 2624 703 2668 270),
734 2627 918 2668 quatenus
943 2622 1162 2669 perveniunt
1188 2621 1299 2665 plena
1324 2621 1408 2654 sunt
1435 2621 1472 2653 et
1498 2616 1693 2652 emendata
1718 2626 1835 2659 neque
1861 2614 2033 2650 inferiora
2060 2613 2105 2649 iis

176 2690 272 2724 quae
296 2683 492 2716 servarunt
516 2681 604 2716 libri
630 2681 881 2718 Theodosiani
905 2681 1052 2727 integri.

292 2748 358 2783 III.
393 2749 593 2795 Byzantios
619 2753 788 2788 auctores
815 2750 1020 2787 Iustiniano
1047 2748 1275 2794 antiquiores
1301 2746 1357 2782 vel
1385 2745 1558 2790 aequales
1584 2744 1760 2788 excerpta
1785 2753 1828 2777 ex
1853 2741 1880 2776 Τ
1886 2740 2107 2777 heodosiano
2133 2743 2303 2787 Byzantia

178 2805 240 2840 vix
264 2805 344 2841 ulla.
368 2806 572 2842 servavisse
598 2819 709 2853 supra
735 2820 770 2854 p.
788 2808 911 2843 XXXI
937 2806 1125 2843 adnotavi.

293 2874 357 2911 IV.
393 2875 621 2912 lastinianus
647 2877 762 2912 codex
787 2889 879 2922 quas
910 2877 1026 2912 habet
1056 2873 1341 2911 constitutiones
1366 2869 1625 2917 imperatorias
1657 2867 1808 2904 emissas
1840 2879 1906 2912 per
1929 2866 2106 2912 temporis
2131 2867 2327 2901 Iustiniana

181 2931 308 2978 spatia
333 2932 591 2970 Theodosiano
627 2935 908 2980 comprehensa,
946 2934 986 2969 id
1016 2936 1072 2969 est
1102 2932 1187 2967 inde
1218 2943 1240 2966 a
1266 2929 1508 2966 Constantino
1539 2939 1570 2962 a.
1589 2926 1690 2969 3121'3
1722 2925 1770 2960 ad
1801 2923 2047 2959 Theodosium
2071 2924 2105 2958 II

179 3000 212 3024 a..
224 2990 305 3032 437,
323 2989 573 3027 Tribonianus
599 3004 683 3027 611111
700 2992 774 3027 31113
799 2995 947 3038 praeter
964 2993 1143 3036 quattuor
1161 2986 1487 3024 Constantinianas
1506 2984 1693 3020 derivatas
1711 2994 1754 3018 ex
1771 2981 2067 3028 Hennogeniano
2079 2984 2105 3026 ¹)

179 3057 306 3083 omnes
338 3048 498 3094 sumpsit
523 3060 567 3084 ex
593 3050 867 3092 Theodosiano;
902 3052 1000 3085 certe
1025 3048 1142 3083 ullam
1167 3059 1189 3082 a
1215 3044 1429 3081 Iustinianis
1461 3043 1696 3087 adsumptam
1721 3051 1798 3075 esse
1825 3038 1973 3074 aliunde
2004 3039 2106 3074 nullo

299 3170 326 3213 ¹)
351 3172 420 3205 Eae
450 3178 533 3206 sunt
563 3174 779 3207 Constantini
811 3178 843 3206 et
873 3172 997 3205 Licinii
1025 3170 1286 3204 constitutiones
1317 3172 1480 3210 quattuor
1513 3166 1584 3198 cod.
1610 3166 1692 3196 Iust.
1714 3161 1746 3201 3,
1765 3160 1829 3200 1,8
1856 3177 1897 3183 -
1923 3158 1954 3199 6,
1972 3158 2035 3199 1,3
2060 3176 2102 3183 -

180 3213 278 3259 7‚16‚
293 3216 337 3251 41
362 3235 408 3241 —
432 3217 584 3262 7‚2'2‚3‚
616 3230 702 3263 quas
732 3231 775 3252 ex
798 3218 1074 3261 Hermogeniano
1107 3220 1258 3258 sumptas
1288 3225 1362 3247 esse
1393 3213 1475 3245 alibi
1500 3210 1549 3250 (in
1575 3211 1651 3254 eph.
1670 3210 1804 3261 Herma
1822 3206 1886 3239 vol.
1908 3204 1950 3238 17
1976 3216 2008 3248 p.
2025 3204 2105 3245 532)

179 3263 322 3296 ostendi.
371 3265 499 3298 Contra
522 3266 706 3309 prudentes
730 3260 912 3298 Iustiniani
936 3274 1047 3306 neque
1071 3273 1112 3295 ea
1135 3262 1267 3305 sylloge
1292 3260 1345 3293 usi
1371 3264 1461 3298 sunt,
1487 3269 1529 3290 ex
1554 3268 1623 3299 qua
1647 3256 1704 3297 qui
1729 3255 1893 3286 Vaticana
1917 3254 2106 3294 fragmenta

179 3310 372 3352 composuit
394 3311 698 3344 constantinianas
726 3312 820 3354 leges
849 3311 982 3353 aliquot
1011 3310 1132 3350 traxit,
1166 3317 1276 3350 neque
1300 3305 1565 3347 Hermogeniani
1595 3302 1739 3335 editione
1763 3305 1879 3341 aucta,
1905 3298 1995 3332 unde
2020 3299 2106 3330 Con-

179 3354 375 3390 saltationis
399 3361 520 3391 auctor
544 3359 706 3401 rescripta
731 3357 899 3400 quaedam
918 3355 1149 3390 Valentiniani
1174 3360 1207 3386 et
1231 3352 1384 3386 Valentis
1408 3350 1533 3384 attulit.

1775 3401 1821 3436 D*
