2485 3615
1189 150 1232 156 --
1281 130 1445 166 CCXXX
1495 151 1538 156 —

402 239 518 278 pateat
542 240 575 268 et
599 247 711 268 rerum
736 241 911 279 gestarum
936 235 1082 268 narratio
1108 235 1235 268 tradita
1259 247 1334 269 raro
1358 248 1418 279 per
1443 248 1499 270 eas
1523 237 1669 270 iuvetur.
1697 253 1739 259 -—
1764 238 1840 270 Hoc
1865 249 1953 270 anno
1978 238 2108 270 bellum
2131 237 2221 271 iuter
2244 232 2331 271 Cou-

402 294 566 326 stantium
593 298 625 326 et
650 294 886 336 Magnentium
912 293 1146 326 continuatum
1173 297 1235 325 est.
1283 294 1505 336 Magnentius
1530 304 1607 326 cum
1638 298 1714 336 post
1742 294 1874 327 cladem
1898 295 2113 327 Mursensem
2137 295 2330 337 Aquileiam

401 361 437 382 se
461 350 654 393 recepisset,
679 351 900 383 Constantius
925 351 1069 383 hiemem
1086 348 1187 392 351s2
1213 351 1327 393 exegit
1344 351 1467 392 Sirmii,
1494 351 1528 383 id
1553 351 1643 393 quod
1660 351 1820 384 videntur
1844 352 1995 385 indicare
2019 352 2076 384 lex
2093 353 2174 384 Iust.
2194 351 2226 394 6,
2239 350 2295 392 22,
2310 351 2332 385 5

401 418 530 449 eaeque
561 418 648 450 quas
677 409 900 440 tractavimus
934 408 978 440 ad
1009 406 1040 449 2,
1056 406 1087 447 9,
1105 407 1122 440 1
1159 408 1399 441 accedentibus
1430 409 1567 441 duabus
1597 406 1695 450 1,15,
1709 407 1740 441 3.
1768 407 1925 450 10‚10‚8
1950 421 1993 442 ex
2025 421 2114 442 auno
2139 408 2208 443 353
2232 410 2333 443 facile

401 465 436 496 in
466 465 559 498 hunc
588 466 841 498 transferendis.
890 466 1105 507 Recuperata
1134 476 1194 508 per
1226 470 1391 498 aestatem
1429 467 1528 498 Italia
1563 466 1674 498 victor
1697 466 1885 500 Mediolani
1921 468 2110 500 consistens
2148 467 2201 500 die
2227 468 2289 500 Iul.
2311 466 2334 500 3

401 523 678 556 constitutionem
702 524 793 556 dedit
820 521 917 565 1638.
933 521 951 554 7
977 522 1102 564 (errore
1126 523 1267 556 relatam
1292 524 1334 556 ad
1359 535 1391 557 a.
1410 523 1490 567 357)
1517 524 1712 567 ibidemque
1741 524 1834 567 leges
1860 525 2047 558 adversarii
2072 525 2254 569 abrogavit
2278 525 2332 558 die

401 581 486 614 Nov.
504 580 535 614 3.

332 680 400 714 352
647 682 676 715 V
700 682 735 716 k.
754 682 862 718 Mart.
1023 682 1133 718 Sirmi
1507 684 1639 720 Rufino
1665 690 1733 729 ppo
2059 685 2146 719 Iust.
2163 685 2193 727 6,
2207 685 2295 726 22,5
2314 684 2466 732 [VHaz.]

331 749 399 782 352
642 751 695 785 III
720 762 802 786 non.
821 752 914 786 Nov.
1020 752 1233 788 Mediolano
1503 753 1685 789 universis
1710 752 2004 799 provincialibus
2068 755 2093 797 ss
2107 755 2160 798 15,
2176 753 2228 795 14,
2242 755 2265 789 5

1552 813 1590 846 et
1615 812 1754 857 populo

402 937 482 977 353
517 935 893 978 CONSTANTIO
926 938 978 979 A.
1003 938 1067 980 VI
1105 937 1180 979 ET
1219 937 1596 980 CONSTANTIO
1639 938 1718 993 (vel
1756 938 2127 995 CONSTANTE)
2160 939 2207 981 C.
2240 939 2334 994 ΙΙΙ)

610 1004 804 1047 CONSS.

520 1075 544 1118 ¹)
571 1078 655 1109 Tam
676 1077 710 1110 C.
737 1088 842 1119 quam
867 1089 1030 1111 numerus
1055 1079 1182 1122 passim
1207 1078 1382 1111 deficiunt.

515 1180 736 1222 Magnentius
762 1181 874 1214 adhuc
900 1182 935 1213 in
960 1182 1075 1214 Gallia
1099 1182 1262 1215 resistens
1288 1187 1364 1225 post
1389 1183 1519 1215 cladem
1546 1183 1581 1215 in
1599 1183 1746 1226 Alpibus
1771 1187 1946 1226 acceptam
1970 1183 2135 1225 Lugduni
2158 1183 2257 1225 periit
2283 1183 2337 1215 die

399 1236 489 1279 Aug.
506 1236 559 1270 11.
597 1239 702 1271 Extat
721 1239 777 1272 lex
795 1238 841 1281 (9,
856 1238 910 1280 38,
925 1238 946 1271 2
971 1240 1078 1273 relata
1104 1240 1148 1273 ad
1174 1252 1203 1272 a.
1223 1238 1301 1279 354,
1328 1241 1387 1273 sed
1411 1241 1537 1274 collato
1561 1241 1725 1274 laterculo
1750 1242 2000 1284 praefectorum
2024 1240 2067 1272 ad
2089 1240 2184 1273 hunc
2207 1251 2337 1273 annum

399 1296 604 1337 revocanda)
631 1296 709 1328 data
745 1297 870 1329 ibidem
902 1297 956 1329 die
981 1298 1071 1340 Sept.
1090 1296 1111 1330 6
1145 1308 1164 1329 a
1189 1298 1399 1330 Constantio.
1448 1299 1606 1330 Hiemem
1637 1299 1752 1341 exegit
1777 1299 1913 1331 Arelate
1947 1297 2165 1339 (Ammianus
2190 1295 2243 1340 14,
2257 1296 2289 1340 5,
2304 1297 2335 1332 1.

401 1350 454 1392 10,
472 1351 517 1392 1).
554 1371 596 1376 —
634 1354 800 1396 Reliquae
825 1355 1091 1397 subscriptiones
1121 1365 1209 1396 quae
1241 1355 1379 1396 quidem
1411 1355 1524 1388 locum
1549 1356 1700 1388 habeant
1730 1355 1855 1388 relatae
1879 1356 1924 1388 ad
1948 1355 2042 1388 hunc
2065 1366 2195 1388 annum
2220 1367 2337 1389 omnes

399 1410 441 1441 ad
465 1410 551 1443 alios
576 1411 755 1454 pertinent,
782 1416 821 1444 ut
845 1412 974 1444 dictum
1000 1416 1052 1444 est
1075 1412 1118 1444 ad
1142 1412 1246 1455 ipsas,

332 1511 400 1546 353
425 1511 504 1556 [352
512 1512 543 1557 2²]
644 1513 698 1547 III
723 1525 805 1548 non.
824 1514 933 1549 Mart.
1024 1513 1156 1549 Sirmio
1508 1513 1635 1549 Orioni
1662 1526 1752 1549 com.
1771 1527 1797 1549 r.
1816 1527 1869 1560 pr.
2066 1515 2119 1559 10,
2132 1515 2186 1559 10,
2199 1515 2221 1550 8

333 1579 400 1613 353
427 1580 522 1625 [354]
645 1581 739 1627 prid.
758 1581 806 1616 id.
824 1582 934 1618 Mart.
1028 1609 1278 1619 ........
1513 1582 1628 1618 Orfito
1653 1588 1701 1627 ᾗῇ
2063 1584 2096 1626 6,
2109 1583 2141 1625 4,
2157 1584 2177 1617 7

334 1649 402 1684 353
648 1651 683 1685 k.
703 1651 790 1686 Mai.
806 1651 850 1697 [ἓ]
1030 1679 1276 1688 ........
1509 1658 1577 1698 ppo
2063 1673 2107 1678 —
2133 1654 2164 1695 7,
2177 1653 2233 1695 21,
2247 1653 2270 1687 2
2294 1672 2336 1677 -

334 1719 402 1753 353
430 1719 473 1765 [a.
490 1719 596 1766 320?]
646 1720 716 1755 VH
742 1721 776 1756 k.
796 1722 874 1756 Iun.
1029 1721 1355 1768 Constantinopoli
1511 1720 1691 1757 universis
1716 1720 1902 1767 episcopis
1927 1733 1994 1767 per
2073 1722 2097 1765 ss
2112 1722 2164 1763 16,
2179 1721 2211 1763 2,
2227 1722 2270 1757 10

1557 1778 1722 1815 diversas
1748 1778 1961 1825 provincias

333 1834 401 1868 353
647 1836 740 1882 prid.
755 1849 838 1872 11011.
852 1838 919 1872 1111.
934 1837 976 1883 [2³]
1027 1864 1278 1874 ........
1509 1843 1577 1883 ῦῇὂ
2063 1857 2106 1863 -
2132 1838 2163 1882 7,
2178 1837 2232 1880 13,
2250 1838 2267 1872 Ῑ

335 1903 403 1938 353
429 1904 523 1950 [357]
649 1906 720 1941 XII
745 1907 780 1942 k.
801 1907 895 1953 Aug.
1032 1907 1232 1944 Ravennae
1513 1907 1636 1942 Tauro
1660 1912 1729 1952 ppo
2067 1907 2120 1950 12,
2135 1907 2225 1950 1,4Ο

334 1974 402 2009 353
648 1976 681 2010 X
707 1976 741 2011 k.
759 1977 855 2023 Aug.
1028 2004 1277 2013 ........
1511 1976 1632 2012 ordini
1647 1975 2018 2022 Karthaginiensium
2066 1976 2119 2018 12,
2134 1976 2165 2021 1,
2178 1976 2222 2011 41

333 2043 400 2078 353
646 2045 679 2079 X
704 2045 738 2080 k.
757 2045 851 2091 Aug.
1027 2073 1278 2082 ........
1512 2045 1656 2081 Cereali
1682 2051 1728 2091 ᾗῇ
1998 2048 2003 2051 “
2074 2046 2099 2089 ss
2113 2046 2166 2088 11,
2180 2046 2234 2088 36,
2249 2046 2270 2080 9

334 2112 401 2148 353
421 2112 463 2158 [2³]
646 2115 697 2148 ΙΙΙ
724 2114 773 2149 id.
793 2115 885 2161 Aug.
1025 2142 1275 2152 ........
1510 2114 1671 2160 Euagrio
1697 2119 1743 2158 ᾗῇ
1763 2114 1807 2159 [2³]
2066 2115 2097 2157 7,
2110 2115 2166 2157 20,
2181 2115 2201 2149 7

334 2180 402 2215 353
643 2183 751 2218 VIIII
777 2184 812 2219 k.
831 2185 915 2220 Dec.
1027 2211 1276 2221 ........
1511 2183 1655 2220 Cereali
1680 2189 1727 2229 ᾗῇ
2064 2185 2117 2227 16,
2133 2185 2221 2226 10,5
2251 2205 2293 2209 —-

334 2252 402 2286 353
429 2252 527 2298 [352]
647 2254 699 2288 III
725 2267 807 2289 non.
825 2255 911 2291 Dec.
1028 2255 1160 2291 Sirmio
1513 2254 1603 2290 Ilico
1622 2253 1807 2290 consulari
1823 2252 2023 2289 Numidiae
2067 2254 2098 2297 1,
2113 2253 2166 2294 15,
2181 2253 2203 2287 3

334 2320 403 2355 353
429 2320 508 2365 [346
519 2322 549 2367 22]
645 2323 734 2358 VIII
760 2323 809 2359 id.
829 2324 913 2359 Dec.
1028 2323 1318 2360 Thessalonicae
1512 2322 1710 2359 Bibulenio
1741 2321 1932 2358 Restituto
2075 2324 2098 2366 ss
2114 2322 2166 2364 11,
2181 2322 2212 2364 7,
2227 2321 2246 2356 7

1558 2380 1722 2427 praesidi
1743 2379 1937 2415 Sardiniae

404 2481 484 2536 :351
520 2495 895 2539 CONSTANTIO
928 2499 980 2541 A.
1004 2499 1092 2541 VII
1123 2498 1198 2540 ET
1232 2498 1608 2540 CONSTANTIO
1643 2496 1723 2553 (vel
1750 2494 2121 2551 CONSTANTE)
2150 2494 2196 2536 C.
2225 2493 2340 2550 1111)

613 2566 807 2609 CONSS.

525 2647 551 2690 ¹)
577 2649 664 2682 Tam
686 2649 721 2681 Ο.
749 2661 853 2693 quam
879 2662 1042 2683 numerus
1067 2651 1195 2694 passim
1221 2651 1393 2683 deficiunt.

520 2753 740 2787 Constantius
766 2754 830 2786 hoc
853 2765 943 2787 anno
968 2755 1004 2787 in
1021 2755 1135 2788 Gallia
1159 2755 1288 2788 bellum
1313 2754 1418 2798 gessit
1444 2758 1564 2786 contra
1584 2753 1805 2791 Alamannos,
1831 2751 1953 2784 deinde
1977 2751 2020 2784 ad
2046 2751 2191 2784 hiberna
2214 2750 2342 2783 Medio-

404 2809 523 2842 lanum
557 2811 711 2844 discessit
742 2811 959 2852 (Ammianus
986 2811 1193 2854 14,10‚16).
1243 2812 1520 2854 Subscriptiones
1550 2811 1642 2844 locos
1672 2809 1854 2843 enuntiant
1878 2809 1958 2842 Mai.
1978 2806 2023 2841 22
2047 2808 2280 2842 Mediolanum
2309 2812 2343 2840 et

405 2867 494 2909 Sept.
513 2865 557 2899 22
582 2869 787 2911 Aquileiam.

339 2995 406 3030 354
433 2996 559 3042 [3609]
647 2970 717 3005 XV
741 2971 776 3005 k.
795 2970 882 3007 Feb.
1029 2972 1104 3007 dat.
1124 2969 1447 3016 Constantinopoli
1514 2967 1710 3060 Proqliano
1744 2967 1956 3013 proconsuli
2077 2969 2101 3011 ss
2116 2968 2168 3010 11,
2182 2966 2237 3010 36,
2253 2967 2297 3001 10

528 3025 535 3031 “
648 3028 680 3062 X
706 3028 740 3062 k.
760 3029 816 3063 Au
848 3056 854 3063 .
1028 3041 1104 3064 acc.
1132 3027 1364 3074 Karthagine
1558 3027 1589 3060 A
1608 3025 1707 3061 ricae

338 3094 404 3128 354
430 3095 553 3140 [3429]
648 3096 720 3129 IIII
746 3096 781 3131 k.
799 3041 908 3132 NTart.
1027 3124 1278 3133 ........
1512 3094 1746 3141 Longiniano
1771 3094 1886 3139 praef.
1905 3094 1995 3140 Aeg.
2076 3096 2101 3137 ss
2115 3093 2168 3136 16,
2182 3094 2215 3135 2,
2230 3093 2271 3127 11

337 3163 404 3197 354
432 3163 528 3208 [353]
648 3164 738 3199 VIII
764 3164 812 3199 id.
827 3165 935 3202 Mart.
949 3166 992 3212 [2³]
1031 3194 1037 3201 .
1065 3193 1072 3201 .
1098 3193 1106 3202 .
1133 3193 1141 3202 .
1169 3194 1176 3202 .
1203 3192 1210 3200 .
1238 3193 1245 3201 .
1271 3194 1278 3202 .
1513 3171 1581 3210 ppo
2065 3181 2111 3187 —
2135 3163 2167 3205 6,
2180 3162 2236 3204 27,
2254 3163 2272 3196 1
2299 3181 2342 3186 —-

338 3232 405 3267 354
433 3232 527 3277 [353]
650 3233 742 3278 prid.
751 3245 834 3285 non.
854 3234 916 3278 (id.
927 3235 978 3269 II
980 3237 992 3280 )
1028 3262 1278 3271 ........
1511 3238 1570 3267 W.
1587 3235 1640 3268 ff.
1659 3238 1727 3277 ppo
2091 3230 2120 3265 I
2134 3248 2180 3260 -ν
2203 3231 2235 3272 8,
2249 3230 2282 3273 4,
2295 3231 2317 3266 5
2340 3249 2385 3255 -

706 3280 794 3315 Mai.
814 3280 856 3326 [Ρ]
2066 3287 2119 3322 ΙΙ
2137 3307 2179 3312 -
2201 3288 2234 3330 8,
2251 3288 2283 3330 7,
2296 3287 2320 3322 4

340 3359 407 3394 354
434 3359 529 3405 [353]
651 3360 719 3395 xv
744 3360 779 3395 k.
798 3359 937 3406 1un.[‘?]
1029 3387 1279 3398 ........
1513 3365 1580 3405 pp&
2066 3375 2108 3382 -
2134 3357 2249 3401 8‚7‚5
2274 3375 2318 3381 -
