2501 3615
1029 105 1263 145 —XI—

179 210 248 246 bus
276 221 370 246 unus
398 208 499 249 (nam
522 207 729 254 Hydatium
753 208 1021 256 interpolatum
1061 213 1136 248 chr.
1158 213 1244 249 min.
1263 215 1284 249 2
1309 225 1344 259 p.
1365 214 1407 249 15
1432 215 1531 249 recte
1557 217 1782 261 spernemus)
1808 220 1937 253 auctor
1961 218 2102 255 chroni-

179 279 304 303 corum
329 266 556 303 Gallicorum
588 278 622 302 a.
638 267 706 301 452
740 268 830 310 (chr.
858 268 943 304 min.
971 270 1077 306 vol.1
1105 283 1140 316 p.
1159 271 1241 314 660)
1275 270 1437 317 corporis
1469 271 1654 316 publicati
1678 274 1846 310 meminit
1877 275 1944 310 sub
1976 287 2008 311 a.
2033 276 2103 311 XV

179 323 378 361 Theodosii
394 324 445 360 II:
477 323 745 359 modosianus
770 325 854 360 liber
877 327 1035 361 onmium
1059 328 1170 373 legum
1195 329 1428 373 legit-imorum
1448 329 1653 373 principum
1682 330 1723 364 in
1746 343 1859 366 unum
1880 333 2103 368 conlatarum

177 383 242 418 hoc
258 383 415 427 primum
438 392 536 416 armo
561 380 686 416 editus.
713 403 756 407 —
781 383 886 418 Anno
911 383 979 418 438
1013 388 1169 421 exeunte
1195 388 1319 432 (gesta.
1345 385 1427 431 ipsa
1453 385 1550 422 diem
1575 399 1647 423 non
1678 388 1889 431 enuntiant,
1915 390 1978 425 sed
2002 391 2104 426 edita.

177 443 279 481 sunt,
315 438 445 475 statim
482 438 629 484 opinor,
667 439 752 475 Dec.
777 440 836 483 25)
879 441 1036 476 Faustus
1074 442 1138 478 ille
1174 444 1384 488 praefectus
1419 443 1607 488 praetorio
1642 444 1775 480 Italiae
1811 447 1998 492 exemplar
2032 447 2103 483 sibi

177 496 358 533 traditum
382 496 529 532 senatui
553 496 655 531 urbis
679 496 816 533 Romae
850 497 1054 538 intimavit.
1080 511 1152 534 non
1179 502 1220 535 ut
1246 503 1394 536 senatus
1419 500 1456 535 id
1483 502 1739 546 comprobaret
1764 502 1815 547 (id
1839 503 1937 538 enim
1962 504 2009 539 ab
2034 505 2102 541 hoc

176 566 270 591 aevo
293 554 458 590 alienum
481 556 570 596 est),
606 554 669 588 sed
702 558 745 590 ut
777 554 972 601 acciperet
1004 559 1042 592 et
1068 556 1112 591 de
1144 558 1418 603 exemplaribus
1443 558 1678 594 conficiendis
1702 561 1740 595 et
1765 559 1914 596 edendis
1940 564 2103 603 caveret;

176 613 285 658 gesta
309 611 353 647 de
379 623 423 647 ea
448 623 486 647 re
511 611 714 657 praemissa
744 615 832 648 sunt
859 612 931 658 ipsi
952 612 1209 649 Theodosiano
1234 614 1271 649 in
1297 615 1422 651 codice
1447 628 1519 651 uno
1536 616 1788 652 Ambrosiano.
1814 637 1858 642 —
1883 618 2104 654 Theodosia-

176 681 265 704 num
287 668 384 714 legis
416 668 533 704 vicem
559 669 725 704 obtinere
761 668 846 704 inde
877 681 899 704 a
925 670 961 704 k.
987 670 1061 704 Ian.
1090 682 1122 705 a.
1145 670 1212 706 439
1247 683 1366 715 neque
1396 672 1467 706 nisi
1500 684 1544 708 ex
1577 684 1619 709 eo
1650 674 1765 709 ullam
1791 674 2103 717 constitutionem,

176 725 323 761 scilicet
348 727 556 770 temporum
582 738 707 762 eorum
733 727 780 762 ad
798 739 894 772 quae
918 726 1100 772 pervenit,
1128 727 1305 773 deinceps
1329 729 1365 763 in
1392 730 1468 765 foro
1495 730 1651 776 allegari
1677 731 1787 767 licere
1812 732 1871 768 lex
1897 732 1963 768 illa
1988 744 2019 768 a..
2036 732 2103 767 438

177 782 361 819 enuntiat.

291 839 350 876 Ad
367 841 595 886 exemplaria
612 842 711 886 quod
737 841 890 883 attinet,
916 841 1138 878 authentica
1160 843 1231 878 duo
1251 855 1361 878 manu
1387 844 1650 889 imperatorum
1670 845 1881 891 subscripta
1901 846 1958 882 lex
1976 846 2103 882 eadem

177 896 296 933 2438
325 896 381 932 ait
413 897 543 933 haberi
571 898 698 934 ‘sacris
735 898 772 933 in
809 898 976 939 scriniis’,
1012 899 1157 935 scilicet
1193 903 1271 934 tam
1301 900 1499 936 Ravennae
1536 913 1644 945 quam
1679 901 2002 948 Constantinopoli
2037 904 2103 938 sub

176 954 368 1001 magistris
400 954 626 990 scriniorum.
678 955 874 991 Praeterea
911 956 1018 991 modo
1052 956 1211 992 vidimus
1247 957 1475 1003 exemplaria
1509 958 1598 994 item
1631 958 1677 993 ab
1711 958 1756 993 iis
1787 959 1928 994 directa
1963 959 2104 996 tradita

177 1023 256 1048 esse
286 1012 486 1058 praefectis
521 1012 701 1058 praetorii
733 1013 875 1048 duobus
910 1013 1114 1058 primariis,
1150 1018 1192 1049 ut
1223 1026 1296 1050 una.
1329 1026 1410 1050 cum
1443 1015 1632 1050 senatibus
1665 1016 1912 1061 publicandae
1937 1017 2103 1063 syllogae

178 1080 302 1105 curam
331 1072 495 1116 agerent.
545 1069 659 1105 Fiunt
691 1070 892 1106 secundum
918 1082 978 1110 ea.
1012 1082 1108 1116 quae
1139 1072 1348 1116 praefectus
1373 1072 1519 1107 senatui
1545 1072 1751 1117 exponit²)‚
1786 1073 1893 1118 plura
1915 1075 2103 1119 ‘cm-ports,

177 1125 217 1161 id
241 1129 298 1162 est
327 1125 573 1172 exemplaria,
606 1126 794 1172 descripta
825 1128 874 1163 ad
898 1128 1149 1173 subscriptum
1175 1129 1222 1164 ab
1248 1128 1490 1174 imperatore;
1524 1129 1654 1164 horum
1686 1142 1797 1165 unum
1828 1131 2105 1167 conservabitur

176 1183 216 1218 in
245 1182 382 1218 scrinio
414 1182 594 1228 praefecti
628 1184 815 1228 praetorio
841 1184 992 1226 Italiae,
1028 1185 1186 1220 alterum
1219 1186 1318 1230 apud
1352 1185 1579 1230 praefectum
1613 1186 1705 1221 urbi.
1756 1187 1808 1222 Ea
1832 1190 1873 1223 ut
1900 1189 1939 1221 in
1961 1189 2104 1223 scriniis

170 1240 324 1284 publicis
345 1240 412 1275 sub
434 1241 632 1286 siynaezdis
662 1240 870 1282 habeantur,
903 1241 994 1278 item
1025 1244 1067 1277 ut
1099 1243 1232 1286 sinyulz'
1259 1243 1431 1287 praefecti
1455 1243 1640 1287 siynacula
1663 1254 1731 1278 sua
1756 1244 1958 1286 adhibeant,
1985 1245 2103 1280 accla-

175 1297 360 1334 mationes
384 1297 576 1344 flagitant;
612 1297 787 1344 flagitant
813 1298 920 1340 item,
958 1301 999 1334 ut
1031 1300 1154 1344 plures
1177 1299 1309 1335 codices
1342 1300 1451 1342 fiant,
1487 1302 1529 1334 ut
1554 1300 1682 1335 codices
1715 1301 1756 1334 in
1785 1302 1925 1336 scriniis
1956 1301 2104 1336 habendi

175 1358 320 1399 sumptu
342 1354 485 1400 publico
507 1354 617 1399 fiant,
651 1357 693 1390 ut
719 1355 922 1390 habeantur
946 1356 986 1389 in.
1011 1356 1150 1399 officiis,
1185 1359 1226 1391 ut
1252 1357 1291 1390 in
1310 1357 1515 1400 provincias
1540 1356 1763 1400 dir-iyantm·;
1796 1357 2004 1402 praefectus
2035 1358 2104 1394 hoc

176 1413 327 1448 tantum
350 1412 541 1458 promittit
566 1412 602 1447 in
623 1412 785 1448 Africam
815 1413 1004 1459 exemplar
1024 1425 1062 1449 se
1087 1413 1387 1449 transmissurum
1413 1425 1500 1449 esse.
1542 1413 1615 1448 Lex
1639 1425 1672 1448 a.
1685 1413 1753 1448 438
1772 1414 1840 1449 hoc
1865 1414 1981 1449 solum
2002 1425 2104 1449 cave-

176 1471 248 1511 rat,
271 1471 316 1505 ut
338 1468 423 1514 ipsa
446 1480 513 1514 per
538 1469 749 1514 provincias
777 1470 1081 1516 promulgaretur
1106 1470 1239 1506 edictis
1265 1470 1476 1516 propositis.
1517 1470 1683 1514 Denique
1709 1471 1832 1512 codex,
1858 1473 1949 1515 puto
1974 1470 2105 1506 missus

178 1537 224 1562 ex
246 1525 409 1568 Oriente,
433 1525 596 1562 traditur
621 1526 978 1569 constitutionariis,
1011 1530 1054 1562 ut
1078 1529 1156 1562 tam
1182 1527 1409 1572 exemplaria
1437 1527 1503 1562 illa
1529 1527 1708 1568 scribant,
1738 1528 1782 1563 de
1804 1527 1938 1571 quibus
1964 1527 2105 1563 dictum

178 1585 237 1619 est
259 1594 373 1628 quam
396 1582 473 1618 alia
498 1583 623 1629 plura,
652 1595 724 1628 quo
750 1584 815 1629 qui
842 1584 934 1620 velit
965 1587 1114 1630 sumptu
1142 1597 1206 1620 suo
1232 1585 1400 1630 syllogen
1427 1587 1626 1629 comparet.
1676 1583 1941 1620 Commercium
1967 1585 2034 1620 hoc
2063 1588 2105 1619 ut

178 1641 279 1675 recte
303 1638 386 1681 fiat,
419 1651 507 1675 cura
532 1641 590 1676 est
614 1640 796 1686 praefecti
821 1641 921 1681 urbi;
957 1641 1004 1676 ad
1038 1653 1121 1677 eum
1154 1641 1249 1677 enim
1281 1641 1472 1677 referenda
1507 1652 1585 1676 esse
1616 1641 1728 1676 verba
1758 1641 2022 1676 acclamatorio.
2044 1640 2106 1675 ‘ad

178 1706 302 1731 curam
317 1697 496 1740 pertineat
519 1697 784 1742 praefecturae?
808 1698 1044 1744 intellegitur
1067 1699 1226 1734 maxime
1252 1710 1296 1734 ex
1322 1698 1598 1739 constitutione,
1630 1698 1675 1733 de
1700 1709 1773 1742 qua
1799 1697 1927 1732 statim
1952 1697 2104 1739 dicetur,

179 1753 315 1795 a.443;
340 1753 492 1798 eiusque
529 1754 601 1790 erit
631 1754 897 1801 ‘cognitionale
932 1755 1106 1790 officium'
1139 1755 1177 1790 in
1209 1767 1253 1791 ea
1285 1758 1539 1792 memoratum.
1593 1754 1666 1789 Sub
1697 1755 1886 1799 praefecto
1916 1766 1998 1791 eam
2029 1766 2105 1790 rem

180 1821 310 1846 curare
346 1809 498 1846 iubetur
520 1811 784 1847 Beronicianus
811 1824 842 1846 v.
863 1824 934 1857 sp.‚
965 1812 1121 1847 fortasse
1153 1811 1184 1846 is
1216 1812 1295 1857 ipse
1327 1811 1391 1856 qui
1425 1811 1462 1846 in
1492 1811 1648 1846 concilio
1674 1810 1963 1847 Calchedonensi
1989 1823 2020 1846 a.
2037 1813 2103 1846 451

181 1866 332 1903 litteras
363 1867 624 1914 imperatorias
657 1869 834 1904 recitavit
867 1869 988 1905 dictus
1022 1870 1270 1915 Βερονικιανός
1293 1869 1314 1902 o‘
1338 1869 1619 1914 κιιθωσιώμενος
1649 1869 1885 1915 σηκρητάριος
1912 1871 1977 1902 τοῦ
2004 1868 2107 1903 θείου

181 1925 442 1971 κονσιστωρίου
466 1925 602 1969 (Mansi
628 1926 699 1961 vol.
720 1927 739 1959 7
764 1938 800 1971 p.
826 1926 918 1966 584).
969 1925 1177 1970 Requirunt
1204 1928 1397 1971 praeterea
1422 1925 1724 1967 acclamationes,
1755 1927 1797 1960 ut
1827 1937 1946 1961 omnes
1974 1925 2107 1961 codices

181 1981 310 2016 litteris
333 1982 618 2025 corworibantur‚
651 1982 799 2018 scilicet
828 1994 900 2018 non
927 1983 1024 2017 notis
1050 1983 1322 2029 tachygraphis
1348 1982 1574 2024 Tironianis;
1608 1982 1698 2018 item
1724 1986 1765 2018 ut
1795 1986 1899 2017 notae
1921 1983 2010 2017 iuris
2033 1993 2107 2017 non

181 2038 443 2083 adsfflbantm,
468 2039 642 2075 nimirum
671 2039 800 2084 quales
824 2039 929 2074 nobis
954 2039 1193 2075 innotuerunt
1219 2051 1262 2074 ex
1288 2039 1390 2074 Gaio.
1431 2040 1533 2075 Haec
1559 2039 1794 2085 explicantur
1818 2039 1856 2073 in
1881 2039 2005 2085 gestis.
2053 2038 2105 2074 Ea

180 2098 289 2143 gesta
312 2095 650 2132 constitutionariis
667 2096 867 2132 Anastasio
892 2099 929 2132 et
953 2096 1126 2138 Martino,
1153 2096 1217 2141 qui
1241 2097 1298 2132 ‘ex
1324 2097 1539 2142 praecepto'
1562 2096 1600 2131 in
1626 2098 1758 2132 senatu
1783 2107 1825 2131 8ο
1852 2095 2106 2136 interfuerunt,

181 2153 285 2190 edita
309 2165 385 2189 una
410 2165 494 2189 cum
518 2153 600 2199 ipso
625 2153 757 2200 opinor
782 2155 988 2200 archetypo
1014 2166 1080 2199 per
1105 2153 1277 2189 Flavium
1303 2154 1543 2190 Laurentium
1569 2157 1805 2199 exceptorem
1829 2155 1977 2188 senatus
1987 2155 2028 2196 ²),
2059 2153 2106 2187 ab

180 2210 241 2246 his
267 2211 472 2257 praemissa
497 2213 584 2246 sunt
607 2211 883 2257 exemplaribus
908 2223 975 2256 per
999 2223 1060 2247 eos
1085 2211 1123 2246 in
1141 2211 1343 2247 Occidente
1361 2210 1573 2247 divenditis.
1593 2231 1635 2236 -
1654 2210 1842 2245 Adhaeret
1866 2208 1982 2254 gestis
2005 2219 2108 2254 prae-

181 2269 286 2304 terea
315 2267 536 2303 constitutio
570 2268 661 2303 data
695 2269 743 2303 ad
768 2269 914 2305 eosdem
940 2268 1287 2305 constitutionarios
1311 2280 1344 2304 a.
1365 2269 1433 2304 443
1459 2269 1544 2303 Dec.
1564 2268 1626 2309 23,
1658 2279 1724 2313 per
1749 2278 1859 2312 quam
1878 2266 2107 2301 Valentinia-

181 2337 249 2360 nus
265 2324 321 2360 111
345 2324 390 2368 (is
415 2325 514 2361 enim
539 2325 577 2360 in
603 2337 648 2362 ea
673 2325 855 2370 loquitur,
888 2325 978 2362 licet
1011 2326 1207 2362 videantur
1232 2325 1342 2361 solito
1374 2338 1472 2362 more
1504 2324 1655 2361 nomina
1679 2324 1832 2359 duorum
1858 2324 2106 2369 Augustorum

182 2382 417 2428 praescripta
432 2382 561 2427 fuisse)
579 2382 760 2428 inspectis
777 2383 894 2428 gestis
912 2382 988 2418 illis
1006 2384 1235 2428 praefectum
1253 2383 1336 2418 urbi
1363 2394 1489 2418 curare
1514 2383 1629 2423 iubet,
1656 2393 1699 2417 ne
1717 2380 1966 2416 Theodosiani
1991 2391 2107 2414 exem-

182 2438 306 2484 plaria
329 2439 489 2476 edantur
514 2443 720 2476 veneantve
745 2440 819 2475 nisi
844 2439 985 2486 scripta
1010 2452 1077 2486 per
1101 2440 1201 2486 ipsos
1227 2439 1584 2481 constitutionariOS,
1609 2449 1698 2483 quos
1723 2437 1877 2472 manebit
1896 2437 2106 2482 periculum,

181 2496 214 2531 si
237 2496 327 2542 quid
361 2496 458 2532 edita
485 2497 660 2539 falsitatis
689 2497 902 2533 habuissent.
932 2518 977 2523 —
1007 2497 1064 2532 Ab
1094 2509 1166 2532 uno
1198 2496 1463 2542 exemplarium
1494 2508 1633 2537 eorum,
1665 2507 1760 2540 quae
1790 2492 2107 2530 constitutionarii

182 2553 224 2589 hi
258 2553 486 2600 scripserunt
510 2554 736 2600 praepositis
760 2555 871 2590 dictis
896 2554 1011 2601 gestis
1036 2557 1074 2590 et
1099 2554 1247 2590 adiecta
1271 2554 1343 2589 hac
1368 2552 1572 2599 monopolii
1599 2551 1887 2592 confirmatione,
1919 2550 2108 2586 descendit

183 2623 228 2646 ex
255 2610 446 2646 codicibus
471 2611 607 2647 nostris
632 2615 731 2648 certe
757 2612 871 2648 codex
898 2611 1178 2653 Ambrosianus;
1207 2611 1246 2646 in
1270 2611 1422 2655 reliquis
1448 2610 1539 2646 item
1564 2609 1721 2656 cogitari
1747 2608 1886 2654 poterit
1910 2608 1954 2644 de
1980 2607 2106 2642 eadem

183 2668 346 2714 origine,
380 2680 607 2713 quamquam
641 2672 750 2715 gesta
783 2669 830 2704 ab
863 2669 908 2704 iis
939 2669 1089 2710 absunt,
1123 2680 1208 2704 nam
1241 2668 1410 2714 plerique
1440 2667 1550 2702 initio
1581 2666 1705 2702 mutili
1731 2667 1815 2700 sunt
1847 2666 1885 2700 et
1916 2664 1954 2698 in
1979 2663 2108 2709 paucis

182 2736 258 2760 non
279 2724 425 2761 mutilis
449 2725 529 2760 fieri
553 2728 690 2772 potest,
716 2729 759 2762 ut
783 2726 929 2762 librarii
955 2725 1176 2772 posteriores
1200 2727 1308 2772 gesta
1333 2724 1534 2761 omiserint.
1966 2768 1967 2771 Ἴ

301 2782 452 2819 Titulus
477 2782 660 2830 syllegae,
686 2782 718 2818 si
744 2783 930 2828 sequimur
954 2783 1069 2819 libros
1094 2782 1262 2828 scriptos,
1288 2782 1361 2818 fuit
1390 2783 1423 2817 T
1423 2781 1664 2817 heodosianus
1687 2780 1793 2815 nude.
1834 2779 1934 2813 Inter
1965 2779 2108 2831 {Titulus

184 2839 324 2886 integri
355 2839 518 2886 corporis
553 2839 698 2876 codices
730 2840 794 2885 qui
832 2843 1030 2886 supersunt
1062 2852 1212 2876 numero
1245 2851 1383 2885 paucos
1415 2838 1602 2874 exordium
1632 2837 1755 2872 nullus
1786 2834 1964 2876 servavit,
2000 2835 2107 2869 finem

304 2965 330 3009 ¹)
352 2968 394 3000 In
409 2968 561 3001 oratione
577 2968 642 3000 hac
658 2967 823 3010 quaedam
853 2967 1048 3010 perturbata
1075 2972 1166 3007 sunt,
1192 2972 1274 3010 puto
1298 2966 1396 3009 culpa
1416 2966 1535 2998 Fausti
1554 2966 1671 3008 ipsius.
1706 2962 1800 2996 ‘Tria
1817 2958 1972 3005 corpora’
1987 2971 2105 3004 parum

185 3017 277 3047 recte
299 3013 503 3056 procedunt,
535 3014 608 3047 sive
631 3014 905 3056 comprehendas
929 3013 1123 3056 exemplum
1149 3013 1352 3046 mittendum
1377 3012 1411 3044 in
1436 3012 1587 3044 Africam
1614 3012 1685 3043 sive
1710 3009 1932 3051 archetypum
1957 3006 2107 3039 adlatum

187 3059 493 3102 Constantinopoli.
545 3059 703 3101 Denique
736 3070 895 3102 perverse
929 3059 1053 3092 dicitur
1085 3059 1221 3091 tertium
1252 3058 1446 3100 exemplum
1478 3058 1670 3090 faciendum
1701 3066 1775 3088 esse
1805 3052 2107 3087 constitutionariis

184 3105 397 3143 tradendum,
420 3115 500 3138 cum
524 3115 567 3138 ex
590 3105 701 3138 tribus
725 3105 793 3138 illis
818 3105 887 3138 duo
912 3110 1003 3137 certe
1027 3105 1072 3137 ab
1099 3105 1219 3137 iisdem
1244 3104 1347 3136 scribi
1371 3103 1562 3136 debuerint.

303 3161 331 3204 1)
355 3162 467 3195 Flavii
482 3161 661 3194 Laurentii
687 3162 878 3204 exceptoris
904 3166 1052 3201 senatus,
1078 3161 1136 3203 qui
1159 3165 1256 3203 gesta
1273 3159 1577 3193 constitutionariis
1600 3158 1703 3191 edidit
1725 3167 1755 3189 a.
1769 3153 1846 3194 438,
1873 3159 1965 3207 extat
1987 3152 2107 3205 titulus

185 3207 388 3251 sepulcralis
411 3206 464 3250 (ut
489 3208 606 3240 monui
631 3218 732 3240 neuen
757 3207 886 3240 Archiv
911 3206 955 3240 10
978 3218 1011 3250 p.
1028 3205 1110 3247 584)
1135 3210 1288 3249 repertus
1314 3207 1440 3238 Romae
1463 3205 1574 3245 (Rossi
1600 3203 1680 3236 buli.
1705 3202 1794 3235 crist.
1822 3198 1908 3252 18b9
1932 3210 1964 3242 p.
1979 3196 2034 3238 18)
2059 3203 2107 3229 ita

186 3259 388 3297 conceptus:
418 3253 473 3286 hic
502 3253 640 3295 quiescit
669 3253 705 3285 in
735 3253 1056 3296 pace-Laurentius
1080 3250 1232 3295 [⁸]criba
1262 3257 1399 3285 senatus
1430 3248 1636 3294 dep[osittw]
1663 3248 1716 3282 die
1743 3245 1836 3279 IIII
1856 3245 1974 3278 ulnam
2000 3242 2106 3276 Mare.

187 3299 326 3340 Adelfio
348 3312 380 3334 v.
397 3310 424 3334 c.
443 3309 532 3333 com.
559 3299 605 3340 (a.
622 3297 716 3341 451).

1787 3346 1832 3380 A*
