2517 3615
419 228 763 268 GREGORIANVS

391 1840 478 1873 Iust.
493 1838 524 1880 7,
539 1837 593 1880 62,
611 1836 718 1871 1-11

392 2239 481 2273 lust.
496 2239 526 2281 7,
540 2237 593 2279 67,
610 2237 625 2271 1

394 2353 481 2387 lust.
497 2353 526 2393 7,
540 2352 594 2395 66,
611 2351 698 2385 1-5

394 2466 481 2500 lust.
497 2466 527 2508 7,
543 2465 596 2507 65,
613 2467 628 2500 1

398 2864 486 2899 Iust.
499 2865 530 2905 4,
546 2863 600 2904 20,
617 2863 714 2898 1-8.

465 2923 497 2962 4,
512 2921 566 2963 21,
583 2921 693 2954 1-14

400 3091 487 3125 lust.
504 3090 555 3133 10,
571 3090 625 3133 32,
642 3090 752 3125 1-13

1191 116 1496 157 -ΧΧΝ-

1057 221 1428 259 THEODOSIANVS
1838 219 2152 257 IVSTINIANVS

834 308 876 343 13
901 307 931 342 si
956 318 1021 352 per
1042 304 1299 350 obreptionem
1322 302 1436 338 fuerit
1460 302 1651 347 inpetrata

834 366 876 399 14
901 364 944 398 de
970 362 1127 398 conditis
1153 361 1190 395 in
1215 359 1378 406 publicis
1402 359 1543 395 horreis
1691 357 1743 399 10,
1757 357 1801 393 26
1827 373 1869 387 =

834 422 875 456 15
900 421 944 456 de
970 418 1122 465 publiea
1146 416 1424 462 comparatione
1691 414 1743 457 10,
1758 414 1801 448 27
1826 417 1869 450 ut
1891 413 2030 449 nemini
2050 414 2164 450 liceat
2188 413 2226 448 in
2249 424 2305 448 co-

1758 470 1945 516 emptione
1962 470 2169 516 specierum
2192 481 2230 506 se
2248 480 2305 504 ex-

1760 539 1887 564 cusare
1912 531 1973 563 cet.

833 591 875 626 16
901 590 944 625 (16
970 587 1271 626 extraordinariis
1296 587 1372 623 sive
1398 583 1553 621 sordidis
1576 595 1652 618 mu·
1692 584 1802 627 10,48
1828 585 1872 619 de
1901 583 2200 620 excusationibus
2231 595 2307 618 mu-

876 646 1025 682 neribus
1759 653 1887 677 nerum

833 705 874 738 17
900 704 944 739 de
969 714 1146 748 equorum
1171 701 1381 738 conlatione

833 761 874 796 18
899 760 964 805 qui
989 771 1011 795 a
1034 758 1268 805 praebitione
1293 758 1454 794 tironum
1484 759 1522 793 et
1547 767 1654 800 equo-

899 829 980 853 rum
1005 818 1224 852 excusentur

833 876 874 910 19
901 875 944 910 de
962 873 1172 909 conlatione
1196 873 1389 908 fundorum
1416 870 1655 917 patrimonia·
1694 869 1745 912 11,
1761 868 1804 903 65
1832 884 1874 897 =

900 931 993 966 lium
1017 931 1076 966 vel
1102 929 1413 975 enfyteuticorum
1438 930 1476 964 et
1504 927 1558 963 rei
1583 926 1655 972 pri-

902 989 990 1023 vata

832 1044 876 1079 20
901 1044 945 1079 de
977 999 1186 1079 cbnlatione
1220 1043 1440 1079 donatarum
1474 1041 1533 1076 vel
1566 1040 1655 1075 rele-
1693 1041 1746 1083 10,
1761 1040 1804 1076 28
1837 1040 1881 1076 de
1916 1038 2118 1075 collatione
2153 1039 2308 1075 donato-

901 1103 1072 1137 vatarum
1098 1099 1369 1146 possessionum
1761 1109 1840 1132 rum
1868 1097 1926 1133 vel
1951 1096 2201 1132 relevatorum
2223 1100 2284 1132 cet.

832 1158 874 1192 21
903 1158 946 1193 (16
973 1157 1182 1193 conlatione
1209 1156 1303 1192 aeris
1694 1155 1746 1197 10,
1760 1154 1804 1190 29
1831 1169 1874 1184 --

833 1216 876 1250 22
901 1227 946 1251 ne
973 1214 1195 1250 conlationis
1219 1213 1416 1250 translatio
1445 1212 1656 1258 postuletur

832 1273 877 1308 23
902 1273 946 1309 (16
971 1271 1198 1318 protostasia

834 1331 878 1366 24
904 1330 948 1365 de
973 1328 1192 1375 patrociniis
1218 1327 1380 1363 vicorum
1695 1326 1747 1368 ll,
1762 1325 1807 1359 54
1823 1326 1866 1359 ut
1881 1336 1988 1360 nemo
2006 1325 2053 1360 ad
2069 1336 2174 1360 suum
2187 1326 2310 1370 patro-

1762 1381 1900 1417 cinium
1925 1381 2107 1427 suscipiat
2127 1381 2227 1416 vicos
2251 1380 2308 1416 vel

1762 1438 1970 1474 rusticanos
1995 1449 2119 1474 eorum

834 1502 878 1537 25
904 1501 947 1536 (16
973 1499 1304 1545 quadrimenstruis
1330 1498 1503 1534 brevibus
1694 1496 1724 1538 1,
1737 1496 1782 1530 42
1809 1512 1852 1525 =

834 1559 878 1593 26
904 1559 948 1593 (16
973 1556 1240 1593 discussoribus
1695 1553 1747 1595 10,
1760 1553 1805 1588 30
1832 1568 1874 1582 =

834 1616 877 1650 27
904 1615 948 1651 de
979 1613 1167 1651 alimentis
1201 1625 1296 1658 quae
1327 1613 1454 1658 inopes
1484 1614 1657 1658 parentes

904 1673 948 1708 de
973 1672 1125 1718 publico
1150 1674 1276 1716 petere
1302 1670 1440 1706 debent

834 1729 878 1764 28
904 1730 948 1765 de
974 1728 1217 1775 indulgentiis
1241 1727 1450 1764 debitorum

834 1786 877 1821 29
904 1786 949 1821 (16
971 1785 1214 1821 relationibus
1693 1780 1780 1823 7,61
1810 1794 1852 1810 =

834 1843 879 1879 30
904 1844 947 1879 de
971 1842 1290 1888 appellationibus
1315 1844 1353 1878 et
1378 1842 1505 1887 poenis
1531 1853 1657 1878 earum
1694 1839 1724 1880 7,
1740 1838 1784 1872 62
1821 1837 1866 1872 (16
1906 1835 2228 1882 appellationibus
2274 1838 2312 1871 et

903 1903 941 1936 et
966 1900 1303 1936 consultationibus
1763 1893 2098 1930 consultationibus

834 1958 876 1992 31
904 1958 948 1992 de
973 1958 1271 2003 reparationibus
1296 1955 1594 2003 appellationum
1694 1952 1724 1993 7,
1739 1951 1783 1986 63
1808 1950 2107 1997 devtemporibus
2140 1953 2178 1985 et
2207 1961 2311 1996 repa-

1762 2007 1970 2044 rationibus
2010 2007 2311 2053 appellationum

1763 2076 1827 2101 seu
1853 2064 2168 2100 consultationum

835 2117 879 2152 32
905 2119 949 2153 de
975 2118 1133 2154 secundo
1158 2118 1264 2154 labsu

836 2175 880 2210 33
905 2175 949 2211 de
976 2175 1220 2211 dilationibus
1246 2187 1289 2211 ex
1315 2186 1490 2210 consensu

837 2233 881 2267 34
906 2233 950 2268 (16
977 2232 1037 2267 his
1068 2233 1132 2277 qui
1162 2244 1228 2278 per
1252 2234 1390 2266 metum
1421 2230 1554 2266 iudicis
1586 2241 1659 2265 non
1695 2225 1725 2266 7,
1740 2224 1782 2259 67
1810 2240 1852 2254 =

906 2290 1194 2335 appellaverunt

838 2346 881 2381 35
906 2346 937 2382 si
954 2347 1138 2392 pendente
1155 2345 1410 2392 appellatione
1434 2356 1530 2379 mors
1550 2344 1659 2380 inter·
1695 2340 1726 2381 7,
1740 2339 1784 2374 66
1812 2355 1853 2368 =

908 2403 1050 2439 venerit

838 2461 882 2496 36
907 2472 1062 2506 quorum
1102 2458 1377 2505 appellationes
1416 2471 1486 2493 non
1531 2459 1661 2504 recipi·
1698 2455 1728 2497 7,
1743 2455 1786 2489 65
1814 2470 1854 2484 ==

907 2520 1016 2552 antur

839 2575 881 2609 37
907 2574 938 2609 si
964 2574 1007 2609 de
1033 2576 1218 2610 momento
1243 2573 1356 2608 fuerit
1382 2572 1616 2617 appellatum
1698 2570 1728 2611 7,
1744 2570 1788 2605 69
1819 2568 1850 2603 si
1883 2569 1926 2604 de
1959 2566 2203 2604 momentaria
2233 2577 2314 2612 pos-

1767 2626 1927 2661 sessione
1943 2625 2056 2662 fuerit
2080 2623 2313 2670 appellatum

840 2690 883 2725 38
908 2690 952 2724 de
978 2689 1206 2735 possessione
1232 2689 1279 2723 ab
1307 2699 1366 2729 eo,
1399 2686 1462 2731 qui
1493 2685 1550 2721 bis
1582 2697 1662 2731 pro-

911 2746 1109 2788 vocaverit,
1136 2745 1390 2780 transferenda

1154 2859 1160 2865 ,
1319 2858 1325 2864 ,
1658 2814 1668 2874 ς
1697 2811 1730 2854 4,
1745 2809 1790 2844 20
1814 2809 1858 2845 (16
1883 2807 2044 2845 testibus

842 2860 886 2896 39
911 2861 955 2896 de
981 2861 1049 2896 fide
1075 2863 1225 2895 testium
1252 2861 1291 2894 et
1316 2858 1647 2893 instrumentorum
1697 2867 1785 2909 431
1814 2867 1858 2901 de
1887 2865 1957 2900 fide
1988 2864 2312 2899 instrumentorum

1767 2926 1830 2958 cet.

931 3021 1258 3056 THEODOSIANI
1292 3019 1433 3054 LIBER
1464 3015 1777 3053 DVODECIMVS

869 3091 884 3125 1
912 3090 956 3125 dc
983 3089 1240 3125 decurionibus
1703 3084 1755 3125 10,
1771 3082 1814 3116 32
1834 3082 1878 3117 de
1896 3079 2155 3116 decurionibus
2173 3082 2211 3115 et
2228 3078 2315 3113 filiis

1771 3151 1894 3174 eorum
1921 3141 1982 3173 eet.

866 3204 888 3238 2
913 3204 957 3238 de
983 3203 1192 3249 praebendo
1217 3202 1353 3238 salario
1704 3197 1755 3234 10,
1769 3197 1813 3232 37
1840 3212 1881 3224 =

868 3261 889 3293 3
914 3260 958 3294 de
982 3259 1146 3304 praediis
1175 3263 1213 3294 et
1244 3257 1441 3303 mancipiis
1469 3256 1663 3291 curialium
1704 3252 1813 3294 10‚34
1839 3268 1881 3282 =

913 3317 989 3351 sine
1015 3317 1162 3352 decreto
1188 3327 1257 3350 non
1284 3313 1490 3350 alienandis
1682 3317 1685 3349 l
