2501 3615
837 865 1033 908 CAPVT
1071 865 1360 907 DECIMVM.

248 984 390 1037 CON
400 983 778 1036 STITVTION
786 982 889 1034 VM
934 981 1316 1034 AVCTORES
1364 981 1453 1033 ET
1499 980 1959 1037 ACCEPTORES

751 1075 839 1126 ET
888 1074 1058 1126 DIES
1110 1073 1446 1137 LOCJQVE.

251 1213 546 1250 Constitutiones
571 1211 850 1257 imperatorum,
877 1223 971 1256 quae
997 1211 1146 1256 quidem
1182 1211 1277 1257 legis
1304 1211 1419 1246 vicem
1448 1212 1659 1253 obtineant,
1686 1212 1886 1247 excludunt
1915 1212 2066 1248 emissas

135 1272 183 1307 ad
215 1271 392 1317 privatos.
452 1270 545 1306 Sane
576 1281 642 1305 eae
673 1270 743 1305 hac
777 1271 903 1304 aetate
945 1281 1062 1313 neque
1094 1269 1217 1304 emitti
1251 1269 1437 1304 desierunt
1476 1281 1594 1313 neque
1626 1269 1770 1314 colligi,
1807 1271 1845 1304 ut
1879 1272 2067 1305 testantur

132 1329 314 1374 rescripta
337 1327 591 1363 Valentiniani
618 1330 656 1362 et
673 1326 845 1362 Valentis
870 1338 913 1362 ex
931 1326 1222 1372 Hermogeniani
1248 1325 1411 1361 editione
1439 1338 1481 1361 ea
1506 1338 1617 1371 quam
1643 1326 1815 1361 adhibuit
1843 1330 1991 1372 sumpta
2019 1329 2065 1362 ab

133 1388 284 1422 auctore
311 1384 604 1421 consultationis
629 1396 658 1420 c.
677 1385 708 1419 9.
760 1384 829 1419 Sed
855 1396 938 1419 011111
965 1383 1012 1418 iis
1038 1384 1182 1420 deesset
1207 1395 1311 1418 sacra
1335 1385 1546 1429 ymni-alitus
1573 1384 1656 1427 (Th.
1680 1385 1815 1428 1.1‚5),
1842 1384 1940 1419 inter
1966 1386 2066 1429 leges

132 1444 260 1479 referri
286 1455 358 1478 non
384 1443 600 1483 debuerunt,
627 1454 746 1487 neque
772 1445 945 1487 receptae
972 1445 1056 1477 sunt
1080 1442 1116 1476 in
1135 1442 1480 1486 Theodosianum.²)
1522 1442 1638 1488 Leges
1664 1442 1778 1487 ipsae,
1805 1443 1902 1486 quod
1929 1443 2066 1478 attinet

133 1502 179 1536 ad
204 1500 422 1546 publicandi
446 1500 612 1542 formam,
640 1499 677 1534 in
703 1499 773 1534 duo
792 1499 1063 1543 quodammodo
1081 1511 1218 1545 genera
1237 1499 1441 1541 discedunt,
1468 1500 1626 1535 alterum
1645 1512 1770 1535 earum
1788 1512 1882 1544 quae
1902 1500 2065 1536 directae

135 1561 221 1593 sunt
245 1559 292 1594 ad
317 1558 498 1604 populum
523 1557 702 1602 populive
727 1559 883 1602 partem,
911 1557 1070 1592 alterum
1096 1569 1221 1592 earum
1240 1569 1335 1602 quae
1362 1557 1586 1592 emittuntur
1608 1558 1655 1592 ad
1679 1560 1847 1593 senatum
1872 1558 2065 1603 magistra-

135 1621 272 1652 tumve.
315 1616 383 1651 Ille
409 1616 497 1651 ordo
523 1614 712 1660 antiquior
729 1617 785 1650 est
805 1615 968 1660 pendens
994 1627 1037 1650 ex
1060 1614 1140 1650 iure
1166 1615 1345 1656 edicendi,
1372 1627 1444 1659 quo
1470 1614 1712 1660 imperatores
1738 1615 1785 1650 ab
1811 1615 1892 1660 ipso
1917 1615 2065 1660 imperii

134 1674 244 1710 initio
270 1674 326 1709 usi
352 1677 448 1715 sunt,
474 1673 543 1708 hoc
570 1685 682 1718 supra
700 1676 750 1718 (p.
770 1674 907 1718 XXIX)
933 1673 1093 1709 vidimus
1116 1674 1281 1719 incipere
1307 1686 1327 1709 a
1347 1674 1600 1715 Constant-ino,
1625 1673 1766 1719 quippe
1784 1674 1848 1719 qui
1866 1674 1922 1710 ius
1940 1676 2064 1721 legum

134 1732 367 1768 ferendarum
392 1731 532 1777 primus
557 1731 816 1777 adsumpserit.
866 1731 1037 1767 Dicemus
1071 1732 1113 1767 de
1146 1732 1202 1767 his
1236 1731 1306 1774 ita,
1341 1736 1381 1768 ut
1414 1744 1540 1768 earum
1564 1744 1685 1768 rerum
1710 1732 1943 1777 potissimum
1969 1733 2064 1768 ratio

133 1789 318 1826 habeatur
342 1801 437 1834 quae
463 1790 512 1824 ad
535 1789 835 1825 Theodosianum
861 1790 1093 1835 perveniunt.

250 1859 306 1894 Ad
341 1858 465 1894 edict-a
496 1858 761 1903 imperatorum
795 1859 986 1904 pertinent
1019 1872 1063 1895 ex
1094 1859 1423 1895 constitutionibus
1458 1859 1593 1895 nostris
1629 1859 1779 1894 edictum
1815 1860 1864 1893 ml
1890 1861 2064 1904 populum

132 1917 232 1951 urbis
249 1916 664 1960 Constantinopolitanae
688 1920 717 1950 et
742 1916 789 1950 ad
812 1928 932 1951 omnes
952 1917 1191 1961 provinciales
1209 1918 1252 1961 (4,
1263 1918 1294 1958 4,
1309 1918 1352 1961 5),
1378 1917 1527 1952 edictam
1551 1917 1601 1951 acl
1619 1918 1794 1961 populum
1820 1917 1916 1952 urbis
1934 1918 2067 1952 Romae

132 1976 227 2018 (nov.
244 1974 394 2010 Valent.
420 1974 538 2018 14,1),
572 1974 724 2009 edictum
755 1974 802 2008 ad
827 1976 1001 2018 papulam
1032 1975 1131 2009 urbis
1158 1975 1580 2019 Constantinopolitanae
1610 1975 1684 2018 (16,
1706 1976 1739 2016 1,
1758 1976 1806 2019 2),
1843 1976 1989 2010 edictam
2019 1976 2068 2010 acl

127 2033 303 2077 populum
327 2031 502 2076 (11,28,9
526 2032 615 2076 fin.),
649 2031 762 2066 edicta
786 2032 836 2066 ad
855 2033 1093 2077 provinciales
1118 2034 1164 2075 (7,
1185 2032 1272 2074 13‚8
1298 2053 1342 2058 ——
1367 2033 1398 2074 9,
1414 2033 1504 2074 27,ss
1529 2053 1572 2057 ——
1600 2033 1810 2077 10‚10,13),
1848 2033 1994 2067 edictum
2022 2033 2069 2067 cul

127 2090 304 2135 populum
322 2100 393 2134 per
410 2090 614 2133 proi-incias
631 2089 770 2135 Illyrici
789 2090 857 2133 (11,
870 2090 924 2131 28,
936 2092 956 2126 9
970 2090 1055 2134 fin.)‚
1083 2090 1232 2125 edictum
1250 2090 1300 2124 ad
1317 2091 1429 2133 Afros
1446 2090 1491 2133 (8,
1505 2091 1536 2131 4,
1551 2090 1596 2134 2),
1622 2089 1733 2124 edicta
1758 2090 1829 2124 duo
1852 2090 1902 2124 ad
1919 2091 2065 2124 Italiam

131 2151 162 2182 et
188 2149 294 2192 Alpes
319 2149 364 2191 (7,
382 2147 494 2191 18,1),
522 2147 678 2183 fortasse
705 2147 795 2183 item
821 2147 945 2183 edicta
972 2148 1019 2183 ad
1044 2148 1210 2193 singulas
1236 2147 1412 2184 civitates
1424 2150 1467 2191 ²),
1494 2149 1687 2192 praeterea
1712 2147 1822 2182 edicta
1847 2148 1942 2183 nude
1968 2159 2063 2192 quac

131 2205 306 2240 dicuntur
331 2205 376 2249 (9,
390 2204 445 2249 34,
461 2206 480 2239 7
500 2225 542 2230 —-
566 2206 617 2246 11,
633 2205 700 2249 3,4
726 2226 768 2230 ——-
795 2206 846 2247 16,
862 2206 951 2250 5538
976 2227 1019 2232 —
1041 2206 1091 2249 16,
1106 2206 1137 2246 6,
1151 2207 1197 2249 3).
1224 2208 1263 2240 ut
1290 2217 1544 2241 recenseamus
1567 2205 1665 2240 solas
1690 2205 1791 2250 leges
1816 2204 1930 2240 edicti
1958 2216 2063 2239 voca-

130 2262 259 2298 bulum
277 2262 550 2308 praescriptum
572 2262 771 2304 habentes;
797 2263 916 2298 multo
942 2263 1067 2308 plures
1093 2274 1134 2299 eo
1161 2263 1294 2298 omisso
1321 2262 1494 2298 similiter
1510 2262 1713 2308 inscriptae
1739 2265 2000 2298 enumerantur
2025 2262 2061 2296 in

130 2319 312 2355 laterculo
338 2320 509 2356 secundo.
550 2321 684 2357 Edicta
701 2322 794 2358 haec
812 2333 1038 2366 quamquam
1065 2322 1236 2357 solebant
1262 2334 1343 2357 cum
1369 2321 1424 2363 iis,
1450 2321 1586 2366 quibus
1611 2322 1801 2358 destinata
1826 2325 1942 2364 erant,
1969 2334 2062 2357 com-

129 2377 311 2413 municari
336 2379 488 2423 publice
513 2379 708 2425 proposita
733 2392 799 2425 per
815 2379 1070 2426 magistratus,
1099 2379 1318 2424 praesertim
1338 2380 1526 2425 praesides
1543 2380 1828 2425 provinciarum,
1855 2380 1892 2414 in
1918 2380 1963 2414 iis
1989 2379 2061 2425 ipsi

130 2434 374 2480 imperatores
399 2435 498 2472 cives
521 2437 773 2482 adloquuntur
798 2440 944 2473 utentes
969 2450 1042 2473 uno
1067 2438 1148 2473 loco
1174 2438 1338 2481 (8,11,2)
1366 2438 1457 2473 adeo
1483 2438 1599 2473 forma
1625 2437 1821 2483 epistulari
1839 2439 1959 2482 (impp.
1979 2448 2061 2481 pro-

128 2494 340 2528 vincial-dms
357 2495 505 2529 salutem
523 2495 666 2540 dicunt)
690 2507 810 2540 neque
836 2495 1010 2531 videntur
1027 2495 1270 2542 magistratus
1296 2495 1352 2530 illi
1377 2496 1468 2531 haec
1496 2495 1618 2531 edicta
1645 2494 1878 2540 proposuisse
1905 2495 2061 2530 adiectis

128 2550 214 2593 suis,
240 2550 280 2585 id
296 2552 395 2596 quod
420 2551 457 2586 in
477 2552 623 2598 legibus
642 2553 688 2588 ad
706 2552 806 2598 ipsos
825 2553 975 2589 directis
993 2553 1212 2598 quotidiano
1236 2567 1303 2589 usu
1331 2558 1367 2590 et
1393 2554 1547 2589 fortasse
1565 2553 1733 2599 legitimo
1752 2554 1928 2588 fecerunt.
1975 2553 2060 2587 Dies

128 2608 304 2653 locusque
329 2608 367 2644 in
391 2609 525 2645 edictis
548 2610 576 2644 ii
600 2613 696 2651 sunt,
715 2610 849 2655 quibus
868 2611 1070 2656 imperator
1089 2611 1188 2647 cives
1207 2611 1422 2656 adloquitur
1441 2612 1498 2646 vel
1515 2611 1716 2646 secundum
1733 2610 1928 2646 formulam
1946 2609 2059 2645 etiam

127 2667 255 2701 aetate
279 2665 521 2711 imperatoria
547 2667 727 2702 usitatam
753 2667 817 2702 ubi
843 2668 938 2704 dicit.
989 2669 1142 2705 Meliore
1168 2672 1334 2714 tempore
1361 2668 1387 2703 ii
1417 2681 1490 2704 non
1521 2668 1802 2703 subscribuntur
1826 2667 1962 2709 edicto,
1997 2667 2059 2702 sed

127 2723 248 2768 ipsum
266 2724 506 2769 praecedunt,
533 2728 574 2760 ut
600 2725 761 2770 exempli
787 2737 899 2762 causa
924 2726 963 2761 in
988 2728 1076 2762 noto
1103 2727 1225 2762 edicto
1245 2726 1457 2762 Anaunensi
1475 2726 1568 2769 (0.1.
1585 2726 1622 2760 L.
1638 2726 1680 2761 V.
1696 2725 1797 2769 5050)
1822 2727 1905 2770 post
1923 2736 2058 2759 annum

128 2784 166 2816 et
189 2781 287 2817 diem
307 2784 345 2818 et
368 2782 492 2818 locum
509 2782 618 2825 (Bais
634 2783 674 2816 in
685 2784 888 2828 praetorio)
906 2784 1081 2829 leguntur
1100 2784 1227 2819 verba:
1253 2784 1402 2818 &lictum
1421 2784 1477 2818 Ti.
1493 2782 1623 2817 Claudi·
1642 2811 1649 2818 .
1670 2809 1677 2818 .
1696 2810 1703 2816 .
1723 2810 1729 2817 .
1744 2782 1964 2826 propositam
1988 2782 2059 2823 snit

126 2837 165 2872 id
189 2839 283 2882 quod
307 2839 410 2882 infra
434 2839 605 2883 scriptum
630 2843 691 2881 est,
716 2839 884 2884 sequitur
901 2840 1023 2885 ipsum
1048 2840 1227 2876 edictum:
1259 2841 1314 2875 Ti.
1337 2840 1512 2876 Claudius
1529 2867 1536 2874 .
1556 2867 1563 2874 .
1583 2868 1589 2874 .
1608 2839 1702 2874 dicit.
1746 2838 2059 2883 praescriptiones

129 2895 208 2931 eius
233 2896 379 2942 generis
403 2896 441 2931 in
466 2895 600 2932 edictis
625 2896 763 2932 aetatis
782 2897 943 2933 labentis
962 2898 1086 2933 nullae
1106 2897 1355 2939 inveniuntur,
1377 2898 1439 2934 sed
1457 2898 1504 2932 ad
1521 2897 1730 2942 exemplum
1750 2896 2057 2932 constitutionum

248 3013 274 3055 ¹)
300 3014 567 3047 constitutiones
598 3015 825 3048 Theodosiani
859 3027 925 3047 non
961 3015 1088 3048 multae
1123 3016 1406 3058 subscriptionem
1443 3015 1605 3047 habentes
1640 3015 1725 3045 lecta
1759 3013 1854 3056 apud
1888 3018 1966 3045 acta
2002 3012 2056 3052 (cs.

129 3070 161 3102 p.
181 3059 281 3102 CLV)
308 3071 527 3103 nequaquam
548 3061 617 3093 huc
643 3062 809 3104 pertinere
834 3061 1018 3094 ostendunt
1048 3073 1115 3093 non
1142 3062 1250 3093 solum
1283 3062 1493 3104 praescripta
1519 3061 1782 3103 magistratuum
1814 3060 1967 3099 nomina,
1999 3060 2057 3091 sed

127 3106 229 3138 etiam
255 3111 495 3149 argumentum
520 3108 733 3148 quarundam
761 3105 919 3150 (exempli
945 3118 1050 3140 causa
1076 3106 1188 3147 ¹1,ss,3
1214 3125 1255 3129 —
1286 3106 1488 3149 11‚16,14).

247 3161 274 3203 ²)
299 3163 542 3206 Inscriptiones
567 3163 615 3195 ad
638 3164 782 3196 edictum
802 3163 1141 3196 Calchedoniemizmz
1167 3170 1196 3196 et
1220 3163 1535 3196 illacecloniensium
1564 3163 1631 3203 (ll,
1651 3162 1701 3204 16,
1716 3162 1750 3198 23)
1778 3168 1808 3195 et
1841 3162 1887 3194 azl
1912 3162 2055 3194 edictum

128 3207 467 3250 Heliopolitanorum
493 3208 608 3249 (5,13,
625 3210 669 3252 1),
696 3211 774 3243 item
801 3211 848 3242 ad
873 3210 1016 3242 edictum
1043 3210 1132 3242 nude
1159 3209 1229 3251 (152,
1248 3211 1274 3249 1,
1291 3209 1310 3242 7
1329 3230 1374 3234 —
1401 3209 1497 3252 1⁶46,
1515 3210 1547 3247 1)
1574 3216 1636 3242 ant
1662 3210 1801 3241 mutilae
1827 3210 1894 3240 sint
1919 3219 2055 3240 necesse

127 3259 178 3286 est
212 3260 272 3287 aut
305 3259 501 3298 corruptae,
541 3265 617 3287 cum
656 3256 775 3288 civitas
811 3257 942 3289 edicere
978 3262 1142 3298 nequeam
1182 3267 1283 3297 quam
1318 3256 1360 3287 ob
1394 3266 1463 3287 rem
1499 3261 1558 3287 aut
1592 3267 1706 3287 earum
1742 3256 1916 3287 civitatum
1952 3256 2054 3296 magi<

127 3306 256 3333 stratus
281 3301 317 3333 in
342 3301 620 3344 inscriptionibus
642 3303 814 3344 suppressi
841 3308 930 3343 sunt,
957 3313 1160 3344 quamquam
1188 3313 1229 3334 ne
1255 3302 1303 3333 sic
1321 3302 1457 3344 quidem
1484 3301 1693 3343 intellegitur
1711 3301 1752 3333 ad
1778 3301 1941 3333 eiusmodi
1967 3302 2055 3332 edic-

126 3351 206 3378 tum·
224 3347 462 3390 imperatorem
487 3348 672 3379 rescribere
700 3348 859 3390 potuisse,
885 3348 1010 3381 autad
1027 3348 1229 3390 praepositio
1255 3348 1340 3381 male
1367 3348 1477 3380 locum
1505 3349 1660 3380 mutavit.
1686 3348 1727 3379 ad
1754 3358 1856 3389 qnam
1883 3347 2054 3379 coniectu·

126 3403 196 3425 ram
223 3393 371 3426 secunda
395 3394 594 3426 constitutio
620 3399 748 3426 mutata
775 3401 825 3427 est
850 3395 884 3426 in
912 3405 1049 3437 corpore
1075 3394 1274 3426 Iustiniano.

264 3448 402 3483 Tuon.
422 3448 438 3482 I
1754 3458 1780 3482 K

2114 1860 2236 1894 Edicta
