<?xml version="1.0" encoding="UTF-8"?>
<!DOCTYPE html PUBLIC "-//W3C//DTD XHTML 1.0 Transitional//EN"
    "http://www.w3.org/TR/xhtml1/DTD/xhtml1-transitional.dtd">
<html xmlns="http://www.w3.org/1999/xhtml" xml:lang="en" lang="en">
 <head>
  <title>
</title>
<meta http-equiv="Content-Type" content="text/html;charset=utf-8" />
  <meta name='ocr-system' content='tesseract 3.04.00' />
  <meta name='ocr-capabilities' content='ocr_page ocr_carea ocr_par ocr_line ocrx_word'/>
</head>
<body>
  <div class='ocr_page' id='page_1' title='image "./theodosianilibri00codeuoft_0094.png"; bbox 0 0 2485 3615; ppageno 0'>
   <div class='ocr_carea' id='block_1_1' title="bbox 294 2250 330 2282">
    <p class='ocr_par' dir='ltr' id='par_1_1' title="bbox 294 2250 330 2282">
     <span class='ocr_line' id='line_1_1' title="bbox 294 2250 330 2282; baseline 0 0"><span class='ocrx_word' id='word_1_1' title='bbox 294 2250 330 2282; x_wconf 89' lang='lat' dir='ltr'><em>D</em></span> 
     </span>
    </p>
   </div>
   <div class='ocr_carea' id='block_1_2' title="bbox 1123 131 1530 170">
    <p class='ocr_par' dir='ltr' id='par_1_2' title="bbox 1123 131 1530 170">
     <span class='ocr_line' id='line_1_2' title="bbox 1123 131 1530 170; baseline 0 -1"><span class='ocrx_word' id='word_1_2' title='bbox 1123 154 1164 161; x_wconf 89' lang='lat'>-—</span> <span class='ocrx_word' id='word_1_3' title='bbox 1213 131 1439 170; x_wconf 82' lang='lat' dir='ltr'>LXXXVIII</span> <span class='ocrx_word' id='word_1_4' title='bbox 1488 154 1530 160; x_wconf 82' lang='lat'>——</span> 
     </span>
    </p>
   </div>
   <div class='ocr_carea' id='block_1_3' title="bbox 357 237 2291 455">
    <p class='ocr_par' dir='ltr' id='par_1_3' title="bbox 357 237 2291 455">
     <span class='ocr_line' id='line_1_3' title="bbox 358 237 2289 288; baseline -0.002 -11"><span class='ocrx_word' id='word_1_5' title='bbox 358 241 437 288; x_wconf 88' lang='lat' dir='ltr'>ipse</span> <span class='ocrx_word' id='word_1_6' title='bbox 455 242 504 277; x_wconf 88' lang='lat' dir='ltr'>ad</span> <span class='ocrx_word' id='word_1_7' title='bbox 520 240 645 277; x_wconf 77' lang='lat' dir='ltr'>LXVI</span> <span class='ocrx_word' id='word_1_8' title='bbox 664 252 736 277; x_wconf 88' lang='lat' dir='ltr'>non</span> <span class='ocrx_word' id='word_1_9' title='bbox 753 238 958 287; x_wconf 84' lang='lat' dir='ltr'>perveniat,</span> <span class='ocrx_word' id='word_1_10' title='bbox 984 238 1144 274; x_wconf 87' lang='lat' dir='ltr'>indicem</span> <span class='ocrx_word' id='word_1_11' title='bbox 1162 237 1403 279; x_wconf 82' lang='lat' dir='ltr'>rubricarum,</span> <span class='ocrx_word' id='word_1_12' title='bbox 1429 239 1472 272; x_wconf 93' lang='lat' dir='ltr'>ut</span> <span class='ocrx_word' id='word_1_13' title='bbox 1490 237 1650 273; x_wconf 87' lang='lat' dir='ltr'>vidimus</span> <span class='ocrx_word' id='word_1_14' title='bbox 1676 250 1711 284; x_wconf 90' lang='lat' dir='ltr'>p.</span> <span class='ocrx_word' id='word_1_15' title='bbox 1727 238 1907 281; x_wconf 84' lang='lat' dir='ltr'>LXXXV,</span> <span class='ocrx_word' id='word_1_16' title='bbox 1933 239 1988 275; x_wconf 86' lang='lat' dir='ltr'>ita</span> <span class='ocrx_word' id='word_1_17' title='bbox 2005 239 2081 276; x_wconf 87' lang='lat' dir='ltr'>fere</span> <span class='ocrx_word' id='word_1_18' title='bbox 2101 238 2289 281; x_wconf 78' lang='lat' dir='ltr'>formavit,</span> 
     </span>
     <span class='ocr_line' id='line_1_4' title="bbox 358 295 2289 342; baseline -0.002 -7"><span class='ocrx_word' id='word_1_19' title='bbox 358 304 400 336; x_wconf 91' lang='lat' dir='ltr'>ut</span> <span class='ocrx_word' id='word_1_20' title='bbox 426 300 519 335; x_wconf 89' lang='lat' dir='ltr'>haec</span> <span class='ocrx_word' id='word_1_21' title='bbox 544 298 803 334; x_wconf 83' lang='lat' dir='ltr'>additamenta</span> <span class='ocrx_word' id='word_1_22' title='bbox 827 297 1030 342; x_wconf 88' lang='lat' dir='ltr'>requirunt.</span> <span class='ocrx_word' id='word_1_23' title='bbox 1075 297 1233 332; x_wconf 76' lang='lat' dir='ltr'>Restant</span> <span class='ocrx_word' id='word_1_24' title='bbox 1259 296 1330 330; x_wconf 92' lang='lat' dir='ltr'>duo</span> <span class='ocrx_word' id='word_1_25' title='bbox 1356 295 1444 330; x_wconf 85' lang='lat' dir='ltr'>libri</span> <span class='ocrx_word' id='word_1_26' title='bbox 1470 295 1534 339; x_wconf 89' lang='lat' dir='ltr'>qui</span> <span class='ocrx_word' id='word_1_27' title='bbox 1558 307 1631 330; x_wconf 90' lang='lat' dir='ltr'>non</span> <span class='ocrx_word' id='word_1_28' title='bbox 1654 296 1796 332; x_wconf 88' lang='lat' dir='ltr'>habent</span> <span class='ocrx_word' id='word_1_29' title='bbox 1820 297 1892 332; x_wconf 89' lang='lat' dir='ltr'>nisi</span> <span class='ocrx_word' id='word_1_30' title='bbox 1917 297 2052 333; x_wconf 87' lang='lat' dir='ltr'>librum</span> <span class='ocrx_word' id='word_1_31' title='bbox 2071 297 2157 332; x_wconf 90' lang='lat' dir='ltr'>XVI</span> <span class='ocrx_word' id='word_1_32' title='bbox 2181 297 2289 332; x_wconf 90' lang='lat' dir='ltr'>Bero-</span> 
     </span>
     <span class='ocr_line' id='line_1_5' title="bbox 357 352 2291 401; baseline -0.003 -9"><span class='ocrx_word' id='word_1_33' title='bbox 357 357 510 392; x_wconf 86' lang='lat' dir='ltr'>linensis</span> <span class='ocrx_word' id='word_1_34' title='bbox 535 356 834 401; x_wconf 86' lang='lat' dir='ltr'>Phillippsianus</span> <span class='ocrx_word' id='word_1_35' title='bbox 861 356 946 390; x_wconf 93' lang='lat'>1741</span> <span class='ocrx_word' id='word_1_36' title='bbox 973 355 1009 389; x_wconf 74' lang='grc' dir='ltr'><em>Υ</em></span> <span class='ocrx_word' id='word_1_37' title='bbox 1029 356 1067 390; x_wconf 92' lang='lat' dir='ltr'>et</span> <span class='ocrx_word' id='word_1_38' title='bbox 1093 352 1282 388; x_wconf 75' lang='lat' dir='ltr'><strong>Parisinus</strong></span> <span class='ocrx_word' id='word_1_39' title='bbox 1311 353 1422 387; x_wconf 90' lang='grc'><strong>12445</strong></span> <span class='ocrx_word' id='word_1_40' title='bbox 1440 352 1490 393; x_wconf 86' lang='lat' dir='ltr'>D,</span> <span class='ocrx_word' id='word_1_41' title='bbox 1521 352 1613 387; x_wconf 85' lang='lat' dir='ltr'>item</span> <span class='ocrx_word' id='word_1_42' title='bbox 1645 356 1821 399; x_wconf 84' lang='lat' dir='ltr'>excerpta</span> <span class='ocrx_word' id='word_1_43' title='bbox 1846 354 2115 390; x_wconf 87' lang='lat' dir='ltr'>Hincmariana</span> <span class='ocrx_word' id='word_1_44' title='bbox 2147 356 2185 389; x_wconf 77' lang='lat' dir='ltr'>et</span> <span class='ocrx_word' id='word_1_45' title='bbox 2216 354 2291 399; x_wconf 88' lang='lat' dir='ltr'>epi-</span> 
     </span>
     <span class='ocr_line' id='line_1_6' title="bbox 360 410 1559 455; baseline -0.004 -5"><span class='ocrx_word' id='word_1_46' title='bbox 360 418 458 450; x_wconf 85' lang='lat' dir='ltr'>tome</span> <span class='ocrx_word' id='word_1_47' title='bbox 485 414 645 449; x_wconf 86' lang='lat' dir='ltr'>Parisini</span> <span class='ocrx_word' id='word_1_48' title='bbox 671 413 809 449; x_wconf 89' lang='lat' dir='ltr'>codicis</span> <span class='ocrx_word' id='word_1_49' title='bbox 839 412 957 453; x_wconf 85' lang='grc'><strong>10753,</strong></span> <span class='ocrx_word' id='word_1_50' title='bbox 985 412 1028 446; x_wconf 91' lang='lat' dir='ltr'>de</span> <span class='ocrx_word' id='word_1_51' title='bbox 1056 410 1193 455; x_wconf 89' lang='lat' dir='ltr'>quibus</span> <span class='ocrx_word' id='word_1_52' title='bbox 1218 410 1293 446; x_wconf 80' lang='lat' dir='ltr'>iani</span> <span class='ocrx_word' id='word_1_53' title='bbox 1320 410 1559 446; x_wconf 72' lang='lat' dir='ltr'>tractabitur.</span> 
     </span>
    </p>
   </div>
   <div class='ocr_carea' id='block_1_4' title="bbox 359 514 2299 1543">
    <p class='ocr_par' dir='ltr' id='par_1_4' title="bbox 359 514 2299 1543">
     <span class='ocr_line' id='line_1_7' title="bbox 478 514 2293 562; baseline -0.001 -9"><span class='ocrx_word' id='word_1_54' title='bbox 478 516 725 553; x_wconf 77' lang='lat' dir='ltr'>Bel-olinensis</span> <span class='ocrx_word' id='word_1_55' title='bbox 751 515 1048 560; x_wconf 88' lang='lat' dir='ltr'>Phillippsianus</span> <span class='ocrx_word' id='word_1_56' title='bbox 1068 516 1154 550; x_wconf 89' lang='lat'>1741</span> <span class='ocrx_word' id='word_1_57' title='bbox 1184 515 1339 558; x_wconf 86' lang='lat' dir='ltr'>(Haenel</span> <span class='ocrx_word' id='word_1_58' title='bbox 1365 516 1405 550; x_wconf 93' lang='lat'>51</span> <span class='ocrx_word' id='word_1_59' title='bbox 1428 531 1469 544; x_wconf 93' lang='lat'><strong><em>=</em></strong></span> <span class='ocrx_word' id='word_1_60' title='bbox 1489 516 1548 556; x_wconf 78' lang='lat'>713</span> <span class='ocrx_word' id='word_1_61' title='bbox 1574 514 1669 550; x_wconf 89' lang='lat' dir='ltr'>Rose</span> <span class='ocrx_word' id='word_1_62' title='bbox 1694 527 1728 549; x_wconf 90' lang='lat' dir='ltr'>n.</span> <span class='ocrx_word' id='word_1_63' title='bbox 1746 515 1813 560; x_wconf 86' lang='grc'><strong>82),</strong></span> <span class='ocrx_word' id='word_1_64' title='bbox 1839 528 1948 560; x_wconf 89' lang='lat' dir='ltr'>quem</span> <span class='ocrx_word' id='word_1_65' title='bbox 1973 517 2125 562; x_wconf 83' lang='lat' dir='ltr'>explent</span> <span class='ocrx_word' id='word_1_66' title='bbox 2151 517 2208 560; x_wconf 81' lang='lat' dir='ltr'>(ut</span> <span class='ocrx_word' id='word_1_67' title='bbox 2232 517 2293 552; x_wconf 91' lang='lat' dir='ltr'>ob-</span> 
     </span>
     <span class='ocr_line' id='line_1_8' title="bbox 360 572 2293 620; baseline -0.002 -9"><span class='ocrx_word' id='word_1_68' title='bbox 360 575 523 611; x_wconf 75' lang='lat' dir='ltr'>servavit</span> <span class='ocrx_word' id='word_1_69' title='bbox 543 575 693 615; x_wconf 84' lang='lat' dir='ltr'>Haenel,</span> <span class='ocrx_word' id='word_1_70' title='bbox 720 575 834 609; x_wconf 85' lang='lat' dir='ltr'>const.</span> <span class='ocrx_word' id='word_1_71' title='bbox 854 573 957 607; x_wconf 87' lang='lat' dir='ltr'>Sirm.</span> <span class='ocrx_word' id='word_1_72' title='bbox 977 586 1011 618; x_wconf 86' lang='lat' dir='ltr'>p.</span> <span class='ocrx_word' id='word_1_73' title='bbox 1027 574 1109 616; x_wconf 84' lang='lat'>411)</span> <span class='ocrx_word' id='word_1_74' title='bbox 1130 573 1222 608; x_wconf 87' lang='lat' dir='ltr'>folia</span> <span class='ocrx_word' id='word_1_75' title='bbox 1241 573 1312 608; x_wconf 90' lang='lat' dir='ltr'>duo</span> <span class='ocrx_word' id='word_1_76' title='bbox 1338 572 1450 608; x_wconf 90' lang='lat' dir='ltr'>hodie</span> <span class='ocrx_word' id='word_1_77' title='bbox 1475 572 1615 608; x_wconf 86' lang='lat' dir='ltr'>inserta</span> <span class='ocrx_word' id='word_1_78' title='bbox 1641 572 1761 607; x_wconf 91' lang='lat' dir='ltr'>codici</span> <span class='ocrx_word' id='word_1_79' title='bbox 1778 573 1964 609; x_wconf 87' lang='lat' dir='ltr'>Vaticano</span> <span class='ocrx_word' id='word_1_80' title='bbox 1982 573 2133 620; x_wconf 88' lang='lat' dir='ltr'>reginae</span> <span class='ocrx_word' id='word_1_81' title='bbox 2150 587 2184 609; x_wconf 88' lang='grc'>11.</span> <span class='ocrx_word' id='word_1_82' title='bbox 2204 573 2293 608; x_wconf 85' lang='grc'><strong>1283</strong></span> 
     </span>
     <span class='ocr_line' id='line_1_9' title="bbox 359 630 2293 676; baseline -0.002 -8"><span class='ocrx_word' id='word_1_83' title='bbox 359 635 383 668; x_wconf 85' lang='lat' dir='ltr'>f.</span> <span class='ocrx_word' id='word_1_84' title='bbox 401 634 454 668; x_wconf 85' lang='lat'>95.</span> <span class='ocrx_word' id='word_1_85' title='bbox 481 633 525 667; x_wconf 90' lang='lat'>96</span> <span class='ocrx_word' id='word_1_86' title='bbox 550 631 744 667; x_wconf 88' lang='lat' dir='ltr'>inserenda</span> <span class='ocrx_word' id='word_1_87' title='bbox 768 630 999 666; x_wconf 75' lang='lat' dir='ltr'>Bel-olinensi</span> <span class='ocrx_word' id='word_1_88' title='bbox 1026 630 1124 666; x_wconf 87' lang='lat' dir='ltr'>inter</span> <span class='ocrx_word' id='word_1_89' title='bbox 1150 630 1242 665; x_wconf 87' lang='lat' dir='ltr'>folia</span> <span class='ocrx_word' id='word_1_90' title='bbox 1270 631 1332 666; x_wconf 89' lang='lat'>189</span> <span class='ocrx_word' id='word_1_91' title='bbox 1359 632 1397 666; x_wconf 91' lang='lat' dir='ltr'>et</span> <span class='ocrx_word' id='word_1_92' title='bbox 1425 631 1500 671; x_wconf 89' lang='lat'>190,</span> <span class='ocrx_word' id='word_1_93' title='bbox 1531 642 1625 665; x_wconf 87' lang='lat' dir='ltr'>saec.</span> <span class='ocrx_word' id='word_1_94' title='bbox 1646 630 1689 672; x_wconf 84' lang='lat' dir='ltr'>X,</span> <span class='ocrx_word' id='word_1_95' title='bbox 1715 630 1856 676; x_wconf 82' lang='lat' dir='ltr'>origine</span> <span class='ocrx_word' id='word_1_96' title='bbox 1882 633 1938 667; x_wconf 87' lang='lat' dir='ltr'>est</span> <span class='ocrx_word' id='word_1_97' title='bbox 1963 630 2170 674; x_wconf 88' lang='lat' dir='ltr'>Remensis,</span> <span class='ocrx_word' id='word_1_98' title='bbox 2195 631 2293 666; x_wconf 89' lang='lat' dir='ltr'>unde</span> 
     </span>
     <span class='ocr_line' id='line_1_10' title="bbox 361 687 2293 734; baseline -0.001 -9"><span class='ocrx_word' id='word_1_99' title='bbox 361 690 461 725; x_wconf 76' lang='lat' dir='ltr'>venit</span> <span class='ocrx_word' id='word_1_100' title='bbox 493 691 530 725; x_wconf 91' lang='lat' dir='ltr'>in</span> <span class='ocrx_word' id='word_1_101' title='bbox 558 688 755 734; x_wconf 82' lang='lat' dir='ltr'>collegium</span> <span class='ocrx_word' id='word_1_102' title='bbox 783 688 995 724; x_wconf 86' lang='lat' dir='ltr'>Parisinum</span> <span class='ocrx_word' id='word_1_103' title='bbox 1021 688 1349 724; x_wconf 79' lang='lat' dir='ltr'>Claromontanum</span> <span class='ocrx_word' id='word_1_104' title='bbox 1379 691 1417 724; x_wconf 91' lang='lat' dir='ltr'>et</span> <span class='ocrx_word' id='word_1_105' title='bbox 1443 700 1526 724; x_wconf 89' lang='lat' dir='ltr'>cum</span> <span class='ocrx_word' id='word_1_106' title='bbox 1551 699 1596 724; x_wconf 84' lang='lat' dir='ltr'>ea</span> <span class='ocrx_word' id='word_1_107' title='bbox 1620 687 1855 724; x_wconf 77' lang='lat' dir='ltr'>bibliotheca</span> <span class='ocrx_word' id='word_1_108' title='bbox 1879 688 1918 723; x_wconf 91' lang='lat' dir='ltr'>in</span> <span class='ocrx_word' id='word_1_109' title='bbox 1943 689 2293 729; x_wconf 85' lang='lat' dir='ltr'>Meermannianam,</span> 
     </span>
     <span class='ocr_line' id='line_1_11' title="bbox 361 745 2293 791; baseline -0.001 -9"><span class='ocrx_word' id='word_1_110' title='bbox 361 748 491 782; x_wconf 88' lang='lat' dir='ltr'>deinde</span> <span class='ocrx_word' id='word_1_111' title='bbox 517 747 554 781; x_wconf 90' lang='lat' dir='ltr'>in</span> <span class='ocrx_word' id='word_1_112' title='bbox 580 745 915 791; x_wconf 85' lang='lat' dir='ltr'>Phillippsianam,</span> <span class='ocrx_word' id='word_1_113' title='bbox 950 746 1107 790; x_wconf 88' lang='lat' dir='ltr'>denique</span> <span class='ocrx_word' id='word_1_114' title='bbox 1139 746 1177 781; x_wconf 87' lang='lat' dir='ltr'>in</span> <span class='ocrx_word' id='word_1_115' title='bbox 1211 746 1353 791; x_wconf 82' lang='lat' dir='ltr'>regiam</span> <span class='ocrx_word' id='word_1_116' title='bbox 1379 749 1553 782; x_wconf 80' lang='lat' dir='ltr'>nostram.</span> <span class='ocrx_word' id='word_1_117' title='bbox 1602 746 1696 780; x_wconf 85' lang='lat' dir='ltr'>Eum</span> <span class='ocrx_word' id='word_1_118' title='bbox 1720 748 1925 781; x_wconf 82' lang='lat' dir='ltr'>tractatum</span> <span class='ocrx_word' id='word_1_119' title='bbox 1952 757 2029 781; x_wconf 90' lang='lat' dir='ltr'>esse</span> <span class='ocrx_word' id='word_1_120' title='bbox 2054 759 2076 782; x_wconf 90' lang='lat' dir='ltr'>a</span> <span class='ocrx_word' id='word_1_121' title='bbox 2102 747 2293 782; x_wconf 84' lang='lat' dir='ltr'>Sirmondo</span> 
     </span>
     <span class='ocr_line' id='line_1_12' title="bbox 361 803 2295 850; baseline -0.001 -11"><span class='ocrx_word' id='word_1_122' title='bbox 361 807 520 845; x_wconf 75' lang='lat' dir='ltr'>constat,</span> <span class='ocrx_word' id='word_1_123' title='bbox 548 803 723 847; x_wconf 83' lang='lat' dir='ltr'>quoniam</span> <span class='ocrx_word' id='word_1_124' title='bbox 748 803 771 838; x_wconf 90' lang='lat' dir='ltr'>f.</span> <span class='ocrx_word' id='word_1_125' title='bbox 792 804 857 838; x_wconf 91' lang='lat'>194</span> <span class='ocrx_word' id='word_1_126' title='bbox 882 804 1067 847; x_wconf 86' lang='lat' dir='ltr'>quaedam</span> <span class='ocrx_word' id='word_1_127' title='bbox 1094 804 1230 839; x_wconf 85' lang='lat' dir='ltr'>adsunt</span> <span class='ocrx_word' id='word_1_128' title='bbox 1260 816 1372 839; x_wconf 85' lang='lat' dir='ltr'>manu</span> <span class='ocrx_word' id='word_1_129' title='bbox 1398 803 1476 839; x_wconf 91' lang='lat' dir='ltr'>eius</span> <span class='ocrx_word' id='word_1_130' title='bbox 1507 803 1714 848; x_wconf 87' lang='lat' dir='ltr'>adscripta,</span> <span class='ocrx_word' id='word_1_131' title='bbox 1740 815 1807 838; x_wconf 90' lang='lat' dir='ltr'>nec</span> <span class='ocrx_word' id='word_1_132' title='bbox 1833 803 1953 850; x_wconf 85' lang='lat' dir='ltr'>magis</span> <span class='ocrx_word' id='word_1_133' title='bbox 1979 803 2143 840; x_wconf 88' lang='lat' dir='ltr'>dubitari</span> <span class='ocrx_word' id='word_1_134' title='bbox 2169 805 2295 849; x_wconf 89' lang='lat' dir='ltr'>potest</span> 
     </span>
     <span class='ocr_line' id='line_1_13' title="bbox 361 861 2295 907; baseline -0.001 -11"><span class='ocrx_word' id='word_1_135' title='bbox 361 861 665 897; x_wconf 75' lang='lat' dir='ltr'>constitutionem</span> <span class='ocrx_word' id='word_1_136' title='bbox 691 861 760 896; x_wconf 89' lang='lat' dir='ltr'>Th.</span> <span class='ocrx_word' id='word_1_137' title='bbox 781 861 833 903; x_wconf 87' lang='grc'>16,</span> <span class='ocrx_word' id='word_1_138' title='bbox 852 862 883 903; x_wconf 88' lang='grc'>6,</span> <span class='ocrx_word' id='word_1_139' title='bbox 901 862 939 903; x_wconf 91' lang='grc'>4,</span> <span class='ocrx_word' id='word_1_140' title='bbox 976 873 1088 906; x_wconf 90' lang='lat' dir='ltr'>quam</span> <span class='ocrx_word' id='word_1_141' title='bbox 1120 861 1333 896; x_wconf 87' lang='lat' dir='ltr'>Sirmondus</span> <span class='ocrx_word' id='word_1_142' title='bbox 1365 862 1531 907; x_wconf 82' lang='lat' dir='ltr'>syllogae</span> <span class='ocrx_word' id='word_1_143' title='bbox 1563 862 1610 896; x_wconf 87' lang='lat' dir='ltr'>ab</span> <span class='ocrx_word' id='word_1_144' title='bbox 1643 873 1686 897; x_wconf 93' lang='lat' dir='ltr'>eo</span> <span class='ocrx_word' id='word_1_145' title='bbox 1715 864 1955 907; x_wconf 74' lang='lat' dir='ltr'>nuncupatae</span> <span class='ocrx_word' id='word_1_146' title='bbox 1986 861 2142 898; x_wconf 87' lang='lat' dir='ltr'>editioni</span> <span class='ocrx_word' id='word_1_147' title='bbox 2172 861 2295 907; x_wconf 89' lang='lat' dir='ltr'>publi-</span> 
     </span>
     <span class='ocr_line' id='line_1_14' title="bbox 361 918 2296 964; baseline 0 -10"><span class='ocrx_word' id='word_1_148' title='bbox 361 922 467 954; x_wconf 74' lang='lat' dir='ltr'>catae</span> <span class='ocrx_word' id='word_1_149' title='bbox 494 930 525 954; x_wconf 91' lang='lat' dir='ltr'>a.</span> <span class='ocrx_word' id='word_1_150' title='bbox 546 919 632 954; x_wconf 81' lang='grc'><strong>1631</strong></span> <span class='ocrx_word' id='word_1_151' title='bbox 661 919 794 954; x_wconf 89' lang='lat' dir='ltr'>ultimo</span> <span class='ocrx_word' id='word_1_152' title='bbox 822 919 904 955; x_wconf 90' lang='grc'><strong>1000</strong></span> <span class='ocrx_word' id='word_1_153' title='bbox 930 921 977 963; x_wconf 90' lang='grc'><strong>(11.</strong></span> <span class='ocrx_word' id='word_1_154' title='bbox 996 920 1097 963; x_wconf 91' lang='lat' dir='ltr'>XXI)</span> <span class='ocrx_word' id='word_1_155' title='bbox 1124 919 1273 961; x_wconf 89' lang='lat' dir='ltr'>adiecit,</span> <span class='ocrx_word' id='word_1_156' title='bbox 1300 931 1344 955; x_wconf 80' lang='lat' dir='ltr'>ex</span> <span class='ocrx_word' id='word_1_157' title='bbox 1370 919 1451 964; x_wconf 89' lang='lat' dir='ltr'>ipso</span> <span class='ocrx_word' id='word_1_158' title='bbox 1477 919 1547 954; x_wconf 92' lang='lat' dir='ltr'>hoc</span> <span class='ocrx_word' id='word_1_159' title='bbox 1572 918 1667 954; x_wconf 87' lang='lat' dir='ltr'>libro</span> <span class='ocrx_word' id='word_1_160' title='bbox 1693 931 1777 954; x_wconf 88' lang='lat' dir='ltr'>eum</span> <span class='ocrx_word' id='word_1_161' title='bbox 1803 919 2034 964; x_wconf 81' lang='lat' dir='ltr'>expressisse.</span> <span class='ocrx_word' id='word_1_162' title='bbox 2074 919 2173 954; x_wconf 87' lang='lat' dir='ltr'>Nam</span> <span class='ocrx_word' id='word_1_163' title='bbox 2197 919 2296 964; x_wconf 85' lang='lat' dir='ltr'>quod</span> 
     </span>
     <span class='ocr_line' id='line_1_15' title="bbox 361 976 2296 1022; baseline 0 -11"><span class='ocrx_word' id='word_1_164' title='bbox 361 977 415 1011; x_wconf 87' lang='lat' dir='ltr'>ait</span> <span class='ocrx_word' id='word_1_165' title='bbox 441 976 479 1010; x_wconf 90' lang='lat' dir='ltr'>in</span> <span class='ocrx_word' id='word_1_166' title='bbox 506 976 737 1021; x_wconf 73' lang='lat' dir='ltr'>praefatione</span> <span class='ocrx_word' id='word_1_167' title='bbox 762 979 848 1022; x_wconf 86' lang='lat' dir='ltr'>post</span> <span class='ocrx_word' id='word_1_168' title='bbox 874 976 1167 1013; x_wconf 76' lang='lat' dir='ltr'>constitutiones</span> <span class='ocrx_word' id='word_1_169' title='bbox 1193 977 1319 1012; x_wconf 84' lang='lat' dir='ltr'>XVIII</span> <span class='ocrx_word' id='word_1_170' title='bbox 1353 988 1395 1011; x_wconf 81' lang='lat' dir='ltr'>ex</span> <span class='ocrx_word' id='word_1_171' title='bbox 1427 976 1523 1012; x_wconf 88' lang='lat' dir='ltr'>libro</span> <span class='ocrx_word' id='word_1_172' title='bbox 1553 976 1731 1022; x_wconf 87' lang='lat' dir='ltr'>primario</span> <span class='ocrx_word' id='word_1_173' title='bbox 1764 977 1980 1022; x_wconf 81' lang='lat' dir='ltr'>desumptas</span> <span class='ocrx_word' id='word_1_174' title='bbox 2013 976 2107 1012; x_wconf 89' lang='lat' dir='ltr'>alias</span> <span class='ocrx_word' id='word_1_175' title='bbox 2133 978 2179 1022; x_wconf 89' lang='grc'><strong>(11.</strong></span> <span class='ocrx_word' id='word_1_176' title='bbox 2198 976 2296 1012; x_wconf 89' lang='lat' dir='ltr'>XIX.</span> 
     </span>
     <span class='ocr_line' id='line_1_16' title="bbox 360 1034 2297 1080; baseline 0.001 -13"><span class='ocrx_word' id='word_1_177' title='bbox 360 1034 439 1069; x_wconf 84' lang='lat' dir='ltr'>XX.</span> <span class='ocrx_word' id='word_1_178' title='bbox 467 1034 566 1078; x_wconf 83' lang='lat' dir='ltr'>XXI)</span> <span class='ocrx_word' id='word_1_179' title='bbox 592 1046 629 1069; x_wconf 86' lang='lat' dir='ltr'>se</span> <span class='ocrx_word' id='word_1_180' title='bbox 657 1034 849 1069; x_wconf 81' lang='lat' dir='ltr'>addidisse</span> <span class='ocrx_word' id='word_1_181' title='bbox 875 1034 1026 1079; x_wconf 82' lang='lat' dir='ltr'>‘partim</span> <span class='ocrx_word' id='word_1_182' title='bbox 1053 1047 1096 1070; x_wconf 86' lang='lat' dir='ltr'>ex</span> <span class='ocrx_word' id='word_1_183' title='bbox 1122 1034 1248 1070; x_wconf 86' lang='lat' dir='ltr'>codice</span> <span class='ocrx_word' id='word_1_184' title='bbox 1275 1035 1491 1078; x_wconf 81' lang='lat' dir='ltr'>Pithoeano,</span> <span class='ocrx_word' id='word_1_185' title='bbox 1516 1034 1655 1080; x_wconf 86' lang='lat' dir='ltr'>partim</span> <span class='ocrx_word' id='word_1_186' title='bbox 1682 1047 1726 1070; x_wconf 84' lang='lat' dir='ltr'>ex</span> <span class='ocrx_word' id='word_1_187' title='bbox 1751 1034 1985 1077; x_wconf 80' lang='lat' dir='ltr'>Corbeiensi⁷,</span> <span class='ocrx_word' id='word_1_188' title='bbox 2012 1046 2102 1070; x_wconf 86' lang='lat' dir='ltr'>cave</span> <span class='ocrx_word' id='word_1_189' title='bbox 2127 1034 2176 1069; x_wconf 87' lang='lat' dir='ltr'>ad</span> <span class='ocrx_word' id='word_1_190' title='bbox 2199 1034 2297 1068; x_wconf 90' lang='lat' dir='ltr'>hunc</span> 
     </span>
     <span class='ocr_line' id='line_1_17' title="bbox 360 1091 2299 1135; baseline 0 -10"><span class='ocrx_word' id='word_1_191' title='bbox 360 1092 496 1126; x_wconf 83' lang='lat' dir='ltr'>librum</span> <span class='ocrx_word' id='word_1_192' title='bbox 522 1092 669 1127; x_wconf 86' lang='lat' dir='ltr'>referas.</span> <span class='ocrx_word' id='word_1_193' title='bbox 723 1091 876 1127; x_wconf 78' lang='lat' dir='ltr'>Scilicet</span> <span class='ocrx_word' id='word_1_194' title='bbox 905 1092 1149 1135; x_wconf 84' lang='lat' dir='ltr'>Pithoeanus‚</span> <span class='ocrx_word' id='word_1_195' title='bbox 1176 1092 1271 1128; x_wconf 88' lang='lat' dir='ltr'>unde</span> <span class='ocrx_word' id='word_1_196' title='bbox 1298 1092 1400 1128; x_wconf 78' lang='lat' dir='ltr'>venit</span> <span class='ocrx_word' id='word_1_197' title='bbox 1424 1105 1458 1127; x_wconf 90' lang='lat' dir='ltr'>n.</span> <span class='ocrx_word' id='word_1_198' title='bbox 1477 1092 1564 1126; x_wconf 87' lang='lat' dir='ltr'>XIX</span> <span class='ocrx_word' id='word_1_199' title='bbox 1599 1092 1818 1128; x_wconf 90' lang='lat' dir='ltr'>constitutio</span> <span class='ocrx_word' id='word_1_200' title='bbox 1842 1091 1996 1128; x_wconf 90' lang='lat' dir='ltr'>Honorii</span> <span class='ocrx_word' id='word_1_201' title='bbox 2021 1092 2116 1127; x_wconf 77' lang='lat' dir='ltr'>inter</span> <span class='ocrx_word' id='word_1_202' title='bbox 2133 1091 2299 1135; x_wconf 75' lang='lat' dir='ltr'>publicas</span> 
     </span>
     <span class='ocr_line' id='line_1_18' title="bbox 359 1149 2298 1196; baseline 0.001 -13"><span class='ocrx_word' id='word_1_203' title='bbox 359 1149 515 1192; x_wconf 88' lang='lat' dir='ltr'>(Haenel</span> <span class='ocrx_word' id='word_1_204' title='bbox 542 1161 640 1194; x_wconf 88' lang='lat' dir='ltr'>corp.</span> <span class='ocrx_word' id='word_1_205' title='bbox 669 1149 741 1195; x_wconf 80' lang='lat' dir='ltr'>leg.</span> <span class='ocrx_word' id='word_1_206' title='bbox 761 1162 795 1194; x_wconf 89' lang='lat' dir='ltr'>p.</span> <span class='ocrx_word' id='word_1_207' title='bbox 822 1150 912 1194; x_wconf 87' lang='grc'><strong>238),</strong></span> <span class='ocrx_word' id='word_1_208' title='bbox 941 1150 1051 1185; x_wconf 88' lang='lat' dir='ltr'>hodie</span> <span class='ocrx_word' id='word_1_209' title='bbox 1077 1153 1134 1185; x_wconf 90' lang='lat' dir='ltr'>est</span> <span class='ocrx_word' id='word_1_210' title='bbox 1160 1150 1349 1185; x_wconf 83' lang='lat' dir='ltr'>Parisinus</span> <span class='ocrx_word' id='word_1_211' title='bbox 1376 1151 1464 1186; x_wconf 79' lang='lat'>1564</span> <span class='ocrx_word' id='word_1_212' title='bbox 1489 1151 1672 1193; x_wconf 74' lang='lat' dir='ltr'>(Maassen</span> <span class='ocrx_word' id='word_1_213' title='bbox 1705 1150 1855 1195; x_wconf 73' lang='lat' dir='ltr'>Quellen</span> <span class='ocrx_word' id='word_1_214' title='bbox 1878 1163 1913 1196; x_wconf 89' lang='lat' dir='ltr'>p.</span> <span class='ocrx_word' id='word_1_215' title='bbox 1932 1150 2021 1194; x_wconf 83' lang='lat'>604),</span> <span class='ocrx_word' id='word_1_216' title='bbox 2051 1161 2298 1194; x_wconf 84' lang='lat' dir='ltr'>nequaquam,</span> 
     </span>
     <span class='ocr_line' id='line_1_19' title="bbox 360 1206 2297 1253; baseline 0.001 -12"><span class='ocrx_word' id='word_1_217' title='bbox 360 1210 403 1242; x_wconf 88' lang='lat' dir='ltr'>ut</span> <span class='ocrx_word' id='word_1_218' title='bbox 434 1207 488 1242; x_wconf 87' lang='lat' dir='ltr'>ait</span> <span class='ocrx_word' id='word_1_219' title='bbox 513 1207 596 1242; x_wconf 86' lang='lat' dir='ltr'>Val.</span> <span class='ocrx_word' id='word_1_220' title='bbox 621 1207 716 1242; x_wconf 89' lang='lat' dir='ltr'>Rose</span> <span class='ocrx_word' id='word_1_221' title='bbox 753 1207 790 1241; x_wconf 89' lang='grc'>111</span> <span class='ocrx_word' id='word_1_222' title='bbox 837 1207 1011 1253; x_wconf 77' lang='lat' dir='ltr'>catalogo</span> <span class='ocrx_word' id='word_1_223' title='bbox 1051 1207 1221 1243; x_wconf 87' lang='lat' dir='ltr'>codicum</span> <span class='ocrx_word' id='word_1_224' title='bbox 1258 1207 1619 1253; x_wconf 88' lang='lat' dir='ltr'>Phillippsianorum</span> <span class='ocrx_word' id='word_1_225' title='bbox 1650 1221 1685 1253; x_wconf 94' lang='lat' dir='ltr'>p.</span> <span class='ocrx_word' id='word_1_226' title='bbox 1713 1209 1792 1250; x_wconf 87' lang='grc'><strong>171,</strong></span> <span class='ocrx_word' id='word_1_227' title='bbox 1829 1206 2080 1244; x_wconf 89' lang='lat' dir='ltr'>Berolinensis</span> <span class='ocrx_word' id='word_1_228' title='bbox 2113 1207 2195 1242; x_wconf 83' lang='lat' dir='ltr'>Lat.</span> <span class='ocrx_word' id='word_1_229' title='bbox 2219 1207 2297 1242; x_wconf 83' lang='lat'>270.</span> 
     </span>
     <span class='ocr_line' id='line_1_20' title="bbox 362 1264 2296 1311; baseline 0 -11"><span class='ocrx_word' id='word_1_230' title='bbox 362 1264 592 1300; x_wconf 77' lang='lat' dir='ltr'>Corbeiensis</span> <span class='ocrx_word' id='word_1_231' title='bbox 625 1267 765 1307; x_wconf 85' lang='lat' dir='ltr'>autem,</span> <span class='ocrx_word' id='word_1_232' title='bbox 798 1277 842 1300; x_wconf 79' lang='lat' dir='ltr'>ex</span> <span class='ocrx_word' id='word_1_233' title='bbox 868 1277 939 1309; x_wconf 87' lang='lat' dir='ltr'>quo</span> <span class='ocrx_word' id='word_1_234' title='bbox 967 1264 1070 1301; x_wconf 84' lang='lat' dir='ltr'>venit</span> <span class='ocrx_word' id='word_1_235' title='bbox 1098 1278 1132 1300; x_wconf 93' lang='lat' dir='ltr'>n.</span> <span class='ocrx_word' id='word_1_236' title='bbox 1151 1265 1220 1299; x_wconf 88' lang='lat' dir='ltr'>XX</span> <span class='ocrx_word' id='word_1_237' title='bbox 1247 1265 1467 1301; x_wconf 89' lang='lat' dir='ltr'>constitutio</span> <span class='ocrx_word' id='word_1_238' title='bbox 1494 1265 1695 1301; x_wconf 87' lang='lat' dir='ltr'>Theodosii</span> <span class='ocrx_word' id='word_1_239' title='bbox 1719 1266 1755 1300; x_wconf 83' lang='grc' dir='ltr'>Π</span> <span class='ocrx_word' id='word_1_240' title='bbox 1785 1266 1978 1300; x_wconf 74' lang='lat' dir='ltr'>audiamus</span> <span class='ocrx_word' id='word_1_241' title='bbox 2008 1266 2166 1309; x_wconf 85' lang='lat' dir='ltr'>(Haenel</span> <span class='ocrx_word' id='word_1_242' title='bbox 2198 1277 2296 1311; x_wconf 88' lang='lat' dir='ltr'>corp.</span> 
     </span>
     <span class='ocr_line' id='line_1_21' title="bbox 361 1321 2297 1369; baseline 0.001 -12"><span class='ocrx_word' id='word_1_243' title='bbox 361 1324 432 1369; x_wconf 81' lang='lat' dir='ltr'>leg.</span> <span class='ocrx_word' id='word_1_244' title='bbox 457 1336 493 1368; x_wconf 89' lang='lat' dir='ltr'>p.</span> <span class='ocrx_word' id='word_1_245' title='bbox 512 1323 611 1367; x_wconf 90' lang='grc'><strong>241),</strong></span> <span class='ocrx_word' id='word_1_246' title='bbox 646 1324 701 1358; x_wconf 82' lang='lat' dir='ltr'>est</span> <span class='ocrx_word' id='word_1_247' title='bbox 727 1321 837 1358; x_wconf 86' lang='lat' dir='ltr'>hodie</span> <span class='ocrx_word' id='word_1_248' title='bbox 867 1322 1195 1368; x_wconf 80' lang='lat' dir='ltr'>Sangermanensis</span> <span class='ocrx_word' id='word_1_249' title='bbox 1218 1322 1286 1358; x_wconf 84' lang='grc'>936</span> <span class='ocrx_word' id='word_1_250' title='bbox 1312 1323 1389 1358; x_wconf 86' lang='lat' dir='ltr'>sive</span> <span class='ocrx_word' id='word_1_251' title='bbox 1415 1323 1605 1359; x_wconf 87' lang='lat' dir='ltr'>Parisinus</span> <span class='ocrx_word' id='word_1_252' title='bbox 1632 1324 1744 1358; x_wconf 91' lang='grc'><strong>12027</strong></span> <span class='ocrx_word' id='word_1_253' title='bbox 1768 1324 1952 1367; x_wconf 89' lang='lat' dir='ltr'>(Maassen</span> <span class='ocrx_word' id='word_1_254' title='bbox 1979 1323 2129 1368; x_wconf 72' lang='lat' dir='ltr'>Qnellen</span> <span class='ocrx_word' id='word_1_255' title='bbox 2153 1335 2188 1368; x_wconf 88' lang='lat' dir='ltr'>p.</span> <span class='ocrx_word' id='word_1_256' title='bbox 2206 1324 2297 1368; x_wconf 84' lang='lat'>556).</span> 
     </span>
     <span class='ocr_line' id='line_1_22' title="bbox 362 1380 2298 1427; baseline 0.001 -13"><span class='ocrx_word' id='word_1_257' title='bbox 362 1380 529 1416; x_wconf 84' lang='lat' dir='ltr'>Tertiam</span> <span class='ocrx_word' id='word_1_258' title='bbox 556 1380 865 1416; x_wconf 88' lang='lat' dir='ltr'>constitutionem</span> <span class='ocrx_word' id='word_1_259' title='bbox 892 1381 988 1415; x_wconf 86' lang='lat' dir='ltr'>unde</span> <span class='ocrx_word' id='word_1_260' title='bbox 1015 1381 1233 1426; x_wconf 85' lang='lat' dir='ltr'>sumpserit,</span> <span class='ocrx_word' id='word_1_261' title='bbox 1270 1381 1448 1417; x_wconf 84' lang='lat' dir='ltr'>adnotare</span> <span class='ocrx_word' id='word_1_262' title='bbox 1480 1381 1620 1417; x_wconf 85' lang='lat' dir='ltr'>oblitus</span> <span class='ocrx_word' id='word_1_263' title='bbox 1650 1384 1717 1417; x_wconf 91' lang='lat' dir='ltr'>est.</span> <span class='ocrx_word' id='word_1_264' title='bbox 1766 1381 1824 1416; x_wconf 90' lang='lat' dir='ltr'>Ad</span> <span class='ocrx_word' id='word_1_265' title='bbox 1853 1381 2022 1427; x_wconf 87' lang='lat' dir='ltr'>syllogen</span> <span class='ocrx_word' id='word_1_266' title='bbox 2055 1380 2298 1416; x_wconf 82' lang='lat' dir='ltr'>decretalium</span> 
     </span>
     <span class='ocr_line' id='line_1_23' title="bbox 363 1437 2298 1484; baseline 0 -12"><span class='ocrx_word' id='word_1_267' title='bbox 363 1438 630 1483; x_wconf 81' lang='lat' dir='ltr'>Dionysianam</span> <span class='ocrx_word' id='word_1_268' title='bbox 656 1437 897 1473; x_wconf 87' lang='lat' dir='ltr'>miscellanea</span> <span class='ocrx_word' id='word_1_269' title='bbox 923 1439 1116 1484; x_wconf 87' lang='lat' dir='ltr'>complura</span> <span class='ocrx_word' id='word_1_270' title='bbox 1147 1439 1194 1473; x_wconf 89' lang='lat' dir='ltr'>ad</span> <span class='ocrx_word' id='word_1_271' title='bbox 1226 1438 1283 1474; x_wconf 90' lang='lat' dir='ltr'>ius</span> <span class='ocrx_word' id='word_1_272' title='bbox 1310 1438 1529 1474; x_wconf 87' lang='lat' dir='ltr'>canonicum</span> <span class='ocrx_word' id='word_1_273' title='bbox 1554 1438 1768 1484; x_wconf 87' lang='lat' dir='ltr'>spectantia</span> <span class='ocrx_word' id='word_1_274' title='bbox 1794 1439 1909 1474; x_wconf 84' lang='lat' dir='ltr'>codex</span> <span class='ocrx_word' id='word_1_275' title='bbox 1933 1438 2056 1480; x_wconf 86' lang='lat' dir='ltr'>addit,</span> <span class='ocrx_word' id='word_1_276' title='bbox 2087 1449 2182 1482; x_wconf 82' lang='lat' dir='ltr'>quae</span> <span class='ocrx_word' id='word_1_277' title='bbox 2213 1449 2298 1474; x_wconf 87' lang='lat' dir='ltr'>enu-</span> 
     </span>
     <span class='ocr_line' id='line_1_24' title="bbox 363 1496 2118 1543; baseline 0.002 -14"><span class='ocrx_word' id='word_1_278' title='bbox 363 1498 551 1531; x_wconf 84' lang='lat' dir='ltr'>merantur</span> <span class='ocrx_word' id='word_1_279' title='bbox 576 1496 685 1541; x_wconf 83' lang='lat' dir='ltr'>plene</span> <span class='ocrx_word' id='word_1_280' title='bbox 712 1496 750 1530; x_wconf 87' lang='grc'>111</span> <span class='ocrx_word' id='word_1_281' title='bbox 777 1496 950 1542; x_wconf 82' lang='lat' dir='ltr'>catalogo</span> <span class='ocrx_word' id='word_1_282' title='bbox 978 1497 1125 1532; x_wconf 87' lang='lat' dir='ltr'>Rosuno</span> <span class='ocrx_word' id='word_1_283' title='bbox 1152 1496 1287 1538; x_wconf 83' lang='lat' dir='ltr'>citato3</span> <span class='ocrx_word' id='word_1_284' title='bbox 1314 1499 1490 1543; x_wconf 80' lang='lat' dir='ltr'>excerpta</span> <span class='ocrx_word' id='word_1_285' title='bbox 1517 1509 1560 1533; x_wconf 82' lang='lat' dir='ltr'>ex</span> <span class='ocrx_word' id='word_1_286' title='bbox 1587 1497 1845 1532; x_wconf 84' lang='lat' dir='ltr'>Theodosiano</span> <span class='ocrx_word' id='word_1_287' title='bbox 1870 1497 1987 1533; x_wconf 87' lang='lat' dir='ltr'>habet</span> <span class='ocrx_word' id='word_1_288' title='bbox 2010 1497 2118 1532; x_wconf 90' lang='lat' dir='ltr'>haec:</span> 
     </span>
    </p>
   </div>
   <div class='ocr_carea' id='block_1_5' title="bbox 397 1571 2301 2081">
    <p class='ocr_par' dir='ltr' id='par_1_5' title="bbox 405 1571 2298 1675">
     <span class='ocr_line' id='line_1_25' title="bbox 405 1571 2298 1617; baseline 0 -12"><span class='ocrx_word' id='word_1_289' title='bbox 405 1572 434 1605; x_wconf 90' lang='lat'>1.</span> <span class='ocrx_word' id='word_1_290' title='bbox 460 1571 580 1606; x_wconf 87' lang='lat' dir='ltr'>Berol.</span> <span class='ocrx_word' id='word_1_291' title='bbox 606 1571 629 1605; x_wconf 85' lang='lat' dir='ltr'>f.</span> <span class='ocrx_word' id='word_1_292' title='bbox 651 1571 835 1607; x_wconf 87' lang='lat'>179-188</span> <span class='ocrx_word' id='word_1_293' title='bbox 862 1572 929 1607; x_wconf 88' lang='lat' dir='ltr'>sub</span> <span class='ocrx_word' id='word_1_294' title='bbox 948 1572 1181 1617; x_wconf 85' lang='lat' dir='ltr'>praescripto</span> <span class='ocrx_word' id='word_1_295' title='bbox 1205 1572 1333 1616; x_wconf 55' lang='lat' dir='ltr'>incipit</span> <span class='ocrx_word' id='word_1_296' title='bbox 1349 1572 1404 1607; x_wconf 79' lang='lat' dir='ltr'>lib.</span> <span class='ocrx_word' id='word_1_297' title='bbox 1425 1572 1529 1607; x_wconf 90' lang='lat' dir='ltr'>XVI</span> <span class='ocrx_word' id='word_1_298' title='bbox 1542 1571 1793 1607; x_wconf 86' lang='lat' dir='ltr'>Theodosiani</span> <span class='ocrx_word' id='word_1_299' title='bbox 1809 1571 1947 1607; x_wconf 88' lang='lat' dir='ltr'>librum</span> <span class='ocrx_word' id='word_1_300' title='bbox 1964 1583 2047 1608; x_wconf 88' lang='lat' dir='ltr'>eum</span> <span class='ocrx_word' id='word_1_301' title='bbox 2063 1571 2119 1608; x_wconf 86' lang='lat' dir='ltr'>ita</span> <span class='ocrx_word' id='word_1_302' title='bbox 2137 1574 2298 1613; x_wconf 88' lang='lat' dir='ltr'>auctum,</span> 
     </span>
     <span class='ocr_line' id='line_1_26' title="bbox 454 1628 851 1675; baseline 0.003 -12"><span class='ocrx_word' id='word_1_303' title='bbox 454 1631 497 1664; x_wconf 91' lang='lat' dir='ltr'>ut</span> <span class='ocrx_word' id='word_1_304' title='bbox 521 1628 618 1664; x_wconf 87' lang='lat' dir='ltr'>infra</span> <span class='ocrx_word' id='word_1_305' title='bbox 643 1629 851 1675; x_wconf 84' lang='lat' dir='ltr'>exponitur.</span> 
     </span>
    </p>

    <p class='ocr_par' dir='ltr' id='par_1_6' title="bbox 397 1685 2300 1791">
     <span class='ocr_line' id='line_1_27' title="bbox 397 1685 2300 1734; baseline 0.001 -14"><span class='ocrx_word' id='word_1_306' title='bbox 397 1686 428 1720; x_wconf 85' lang='grc'>2.</span> <span class='ocrx_word' id='word_1_307' title='bbox 456 1686 573 1721; x_wconf 82' lang='grc' dir='ltr'><strong>Βο1ὉΙ.</strong></span> <span class='ocrx_word' id='word_1_308' title='bbox 599 1686 623 1720; x_wconf 89' lang='lat' dir='ltr'>f.</span> <span class='ocrx_word' id='word_1_309' title='bbox 644 1685 718 1720; x_wconf 85' lang='grc'><strong>188.</strong></span> <span class='ocrx_word' id='word_1_310' title='bbox 748 1686 812 1721; x_wconf 87' lang='lat'>189</span> <span class='ocrx_word' id='word_1_311' title='bbox 839 1686 924 1722; x_wconf 86' lang='lat' dir='ltr'>Vat.</span> <span class='ocrx_word' id='word_1_312' title='bbox 951 1687 1149 1733; x_wconf 86' lang='lat' dir='ltr'>(incipiens</span> <span class='ocrx_word' id='word_1_313' title='bbox 1174 1687 1278 1723; x_wconf 85' lang='lat' dir='ltr'>Sirm.</span> <span class='ocrx_word' id='word_1_314' title='bbox 1298 1688 1328 1729; x_wconf 81' lang='grc'>3,</span> <span class='ocrx_word' id='word_1_315' title='bbox 1345 1689 1364 1722; x_wconf 89' lang='grc'><strong>7</strong></span> <span class='ocrx_word' id='word_1_316' title='bbox 1384 1691 1590 1732; x_wconf 73' lang='lat' dir='ltr'>perpetrata</span> <span class='ocrx_word' id='word_1_317' title='bbox 1615 1691 1645 1723; x_wconf 71' lang='lat' dir='ltr'>et</span> <span class='ocrx_word' id='word_1_318' title='bbox 1669 1691 1793 1723; x_wconf 75' lang='lat' dir='ltr'>contra</span> <span class='ocrx_word' id='word_1_319' title='bbox 1810 1688 1909 1734; x_wconf 65' lang='lat' dir='ltr'>leges)</span> <span class='ocrx_word' id='word_1_320' title='bbox 1935 1687 2027 1723; x_wconf 85' lang='lat' dir='ltr'>f.95.</span> <span class='ocrx_word' id='word_1_321' title='bbox 2052 1687 2098 1723; x_wconf 88' lang='grc'>96</span> <span class='ocrx_word' id='word_1_322' title='bbox 2124 1686 2300 1722; x_wconf 87' lang='lat' dir='ltr'>constitu-</span> 
     </span>
     <span class='ocr_line' id='line_1_28' title="bbox 455 1744 1558 1791; baseline 0.002 -12"><span class='ocrx_word' id='word_1_323' title='bbox 455 1744 575 1780; x_wconf 86' lang='lat' dir='ltr'>tiones</span> <span class='ocrx_word' id='word_1_324' title='bbox 600 1744 877 1780; x_wconf 84' lang='lat' dir='ltr'>Sirmondianas</span> <span class='ocrx_word' id='word_1_325' title='bbox 905 1747 1002 1787; x_wconf 90' lang='lat' dir='ltr'>l—7‚</span> <span class='ocrx_word' id='word_1_326' title='bbox 1030 1748 1072 1781; x_wconf 89' lang='lat' dir='ltr'>ut</span> <span class='ocrx_word' id='word_1_327' title='bbox 1097 1746 1187 1783; x_wconf 85' lang='lat' dir='ltr'>item</span> <span class='ocrx_word' id='word_1_328' title='bbox 1213 1746 1310 1782; x_wconf 87' lang='lat' dir='ltr'>infra</span> <span class='ocrx_word' id='word_1_329' title='bbox 1335 1746 1558 1791; x_wconf 86' lang='lat' dir='ltr'>explicatur.</span> 
     </span>
    </p>

    <p class='ocr_par' dir='ltr' id='par_1_7' title="bbox 399 1800 2301 2081">
     <span class='ocr_line' id='line_1_29' title="bbox 399 1800 2300 1850; baseline 0.001 -15"><span class='ocrx_word' id='word_1_330' title='bbox 399 1800 431 1836; x_wconf 92' lang='lat'>3.</span> <span class='ocrx_word' id='word_1_331' title='bbox 457 1801 542 1836; x_wconf 90' lang='lat' dir='ltr'>Vat.</span> <span class='ocrx_word' id='word_1_332' title='bbox 577 1801 600 1837; x_wconf 89' lang='lat' dir='ltr'>f.</span> <span class='ocrx_word' id='word_1_333' title='bbox 626 1803 681 1838; x_wconf 91' lang='lat'>96.</span> <span class='ocrx_word' id='word_1_334' title='bbox 723 1803 841 1839; x_wconf 89' lang='lat' dir='ltr'>Berol.</span> <span class='ocrx_word' id='word_1_335' title='bbox 877 1804 902 1839; x_wconf 89' lang='lat' dir='ltr'>f.</span> <span class='ocrx_word' id='word_1_336' title='bbox 931 1804 998 1839; x_wconf 89' lang='lat'>190</span> <span class='ocrx_word' id='word_1_337' title='bbox 1035 1805 1102 1839; x_wconf 89' lang='lat' dir='ltr'>sub</span> <span class='ocrx_word' id='word_1_338' title='bbox 1154 1804 1388 1850; x_wconf 81' lang='lat' dir='ltr'>praescripto</span> <span class='ocrx_word' id='word_1_339' title='bbox 1425 1815 1468 1839; x_wconf 72' lang='lat' dir='ltr'>em</span> <span class='ocrx_word' id='word_1_340' title='bbox 1508 1805 1598 1839; x_wconf 82' lang='lat' dir='ltr'>libro</span> <span class='ocrx_word' id='word_1_341' title='bbox 1640 1804 1825 1840; x_wconf 79' lang='lat' dir='ltr'>Theodosii</span> <span class='ocrx_word' id='word_1_342' title='bbox 1856 1804 1985 1839; x_wconf 92' lang='lat' dir='ltr'>VIIII</span> <span class='ocrx_word' id='word_1_343' title='bbox 2014 1803 2300 1839; x_wconf 87' lang='lat' dir='ltr'>constitutiones</span> 
     </span>
     <span class='ocr_line' id='line_1_30' title="bbox 455 1859 2299 1908; baseline 0.001 -14"><span class='ocrx_word' id='word_1_344' title='bbox 455 1859 632 1895; x_wconf 85' lang='lat' dir='ltr'>breviarii</span> <span class='ocrx_word' id='word_1_345' title='bbox 650 1861 681 1904; x_wconf 82' lang='lat'>9,</span> <span class='ocrx_word' id='word_1_346' title='bbox 703 1862 731 1903; x_wconf 85' lang='lat'>1,</span> <span class='ocrx_word' id='word_1_347' title='bbox 752 1863 766 1896; x_wconf 93' lang='lat'>1</span> <span class='ocrx_word' id='word_1_348' title='bbox 797 1861 905 1905; x_wconf 87' lang='lat' dir='ltr'>(haec</span> <span class='ocrx_word' id='word_1_349' title='bbox 931 1862 1062 1898; x_wconf 84' lang='lat' dir='ltr'>addita</span> <span class='ocrx_word' id='word_1_350' title='bbox 1087 1864 1143 1898; x_wconf 89' lang='lat' dir='ltr'>est</span> <span class='ocrx_word' id='word_1_351' title='bbox 1168 1875 1214 1897; x_wconf 90' lang='lat' dir='ltr'>m.</span> <span class='ocrx_word' id='word_1_352' title='bbox 1235 1863 1281 1907; x_wconf 87' lang='grc'>2).</span> <span class='ocrx_word' id='word_1_353' title='bbox 1308 1863 1338 1897; x_wconf 90' lang='grc'>5.</span> <span class='ocrx_word' id='word_1_354' title='bbox 1357 1863 1378 1897; x_wconf 93' lang='grc'><strong>9</strong></span> <span class='ocrx_word' id='word_1_355' title='bbox 1396 1862 1546 1908; x_wconf 88' lang='lat' dir='ltr'>(incipit</span> <span class='ocrx_word' id='word_1_356' title='bbox 1570 1862 1690 1898; x_wconf 88' lang='lat' dir='ltr'>Berol.</span> <span class='ocrx_word' id='word_1_357' title='bbox 1709 1864 1748 1898; x_wconf 77' lang='lat'>*1</span> <span class='ocrx_word' id='word_1_358' title='bbox 1769 1862 1976 1907; x_wconf 74' lang='lat' dir='ltr'>proposita).</span> <span class='ocrx_word' id='word_1_359' title='bbox 2004 1861 2056 1897; x_wconf 93' lang='lat'>10.</span> <span class='ocrx_word' id='word_1_360' title='bbox 2084 1862 2137 1896; x_wconf 94' lang='lat'>11.</span> <span class='ocrx_word' id='word_1_361' title='bbox 2165 1861 2218 1896; x_wconf 91' lang='grc'>12.</span> <span class='ocrx_word' id='word_1_362' title='bbox 2247 1861 2299 1896; x_wconf 91' lang='grc'>14.</span> 
     </span>
     <span class='ocr_line' id='line_1_31' title="bbox 459 1918 2300 1965; baseline 0 -13"><span class='ocrx_word' id='word_1_363' title='bbox 459 1919 510 1952; x_wconf 91' lang='grc'>15.</span> <span class='ocrx_word' id='word_1_364' title='bbox 540 1918 592 1953; x_wconf 90' lang='lat'>18.</span> <span class='ocrx_word' id='word_1_365' title='bbox 621 1918 684 1959; x_wconf 88' lang='lat'>19;</span> <span class='ocrx_word' id='word_1_366' title='bbox 716 1919 855 1954; x_wconf 89' lang='lat' dir='ltr'>adsunt</span> <span class='ocrx_word' id='word_1_367' title='bbox 882 1918 1220 1964; x_wconf 86' lang='lat' dir='ltr'>interpretationes.</span> <span class='ocrx_word' id='word_1_368' title='bbox 1247 1940 1289 1946; x_wconf 93' lang='lat'>—</span> <span class='ocrx_word' id='word_1_369' title='bbox 1316 1920 1369 1955; x_wconf 88' lang='lat' dir='ltr'>De</span> <span class='ocrx_word' id='word_1_370' title='bbox 1396 1920 1701 1956; x_wconf 85' lang='lat' dir='ltr'>adnotationibus</span> <span class='ocrx_word' id='word_1_371' title='bbox 1725 1922 1763 1956; x_wconf 86' lang='lat' dir='ltr'>et</span> <span class='ocrx_word' id='word_1_372' title='bbox 1787 1919 1898 1955; x_wconf 90' lang='lat' dir='ltr'>huius</span> <span class='ocrx_word' id='word_1_373' title='bbox 1923 1918 2062 1955; x_wconf 90' lang='lat' dir='ltr'>codicis</span> <span class='ocrx_word' id='word_1_374' title='bbox 2086 1921 2125 1955; x_wconf 92' lang='lat' dir='ltr'>et</span> <span class='ocrx_word' id='word_1_375' title='bbox 2149 1918 2300 1965; x_wconf 86' lang='lat' dir='ltr'>gemelli</span> 
     </span>
     <span class='ocr_line' id='line_1_32' title="bbox 457 1975 2301 2022; baseline 0.001 -12"><span class='ocrx_word' id='word_1_376' title='bbox 457 1975 536 2010; x_wconf 88' lang='lat' dir='ltr'>eius</span> <span class='ocrx_word' id='word_1_377' title='bbox 570 1975 634 2020; x_wconf 90' lang='lat' dir='ltr'>qui</span> <span class='ocrx_word' id='word_1_378' title='bbox 668 1975 859 2020; x_wconf 88' lang='lat' dir='ltr'>sequitur,</span> <span class='ocrx_word' id='word_1_379' title='bbox 888 1988 982 2020; x_wconf 85' lang='lat' dir='ltr'>quae</span> <span class='ocrx_word' id='word_1_380' title='bbox 1008 1977 1149 2012; x_wconf 84' lang='lat' dir='ltr'>habent</span> <span class='ocrx_word' id='word_1_381' title='bbox 1176 1977 1298 2013; x_wconf 85' lang='lat' dir='ltr'>varias</span> <span class='ocrx_word' id='word_1_382' title='bbox 1323 1976 1503 2013; x_wconf 90' lang='lat' dir='ltr'>lectiones</span> <span class='ocrx_word' id='word_1_383' title='bbox 1527 1977 1623 2013; x_wconf 83' lang='lat' dir='ltr'>alias</span> <span class='ocrx_word' id='word_1_384' title='bbox 1653 1977 1740 2013; x_wconf 87' lang='lat' dir='ltr'>libri</span> <span class='ocrx_word' id='word_1_385' title='bbox 1773 1976 1895 2013; x_wconf 87' lang='lat' dir='ltr'>sancti</span> <span class='ocrx_word' id='word_1_386' title='bbox 1924 1976 2094 2022; x_wconf 84' lang='lat' dir='ltr'>Dionysii</span> <span class='ocrx_word' id='word_1_387' title='bbox 2123 1975 2301 2012; x_wconf 83' lang='lat' dir='ltr'>breviarii</span> 
     </span>
     <span class='ocr_line' id='line_1_33' title="bbox 457 2033 1911 2081; baseline 0.003 -14"><span class='ocrx_word' id='word_1_388' title='bbox 457 2033 616 2076; x_wconf 75' lang='lat' dir='ltr'>omnino,</span> <span class='ocrx_word' id='word_1_389' title='bbox 642 2033 736 2068; x_wconf 85' lang='lat' dir='ltr'>alias</span> <span class='ocrx_word' id='word_1_390' title='bbox 763 2033 1014 2069; x_wconf 84' lang='lat' dir='ltr'>Theodosiani</span> <span class='ocrx_word' id='word_1_391' title='bbox 1039 2034 1177 2081; x_wconf 84' lang='lat' dir='ltr'>integri</span> <span class='ocrx_word' id='word_1_392' title='bbox 1202 2035 1319 2071; x_wconf 86' lang='lat' dir='ltr'>nostri</span> <span class='ocrx_word' id='word_1_393' title='bbox 1342 2035 1382 2077; x_wconf 82' lang='lat' dir='ltr'>V,</span> <span class='ocrx_word' id='word_1_394' title='bbox 1409 2035 1551 2081; x_wconf 82' lang='lat' dir='ltr'>egimus</span> <span class='ocrx_word' id='word_1_395' title='bbox 1576 2047 1689 2081; x_wconf 88' lang='lat' dir='ltr'>supra</span> <span class='ocrx_word' id='word_1_396' title='bbox 1716 2037 1766 2081; x_wconf 89' lang='lat' dir='ltr'>(p.</span> <span class='ocrx_word' id='word_1_397' title='bbox 1784 2035 1911 2079; x_wconf 87' lang='lat' dir='ltr'>XLV).</span> 
     </span>
    </p>
   </div>
   <div class='ocr_carea' id='block_1_6' title="bbox 399 2090 2300 2189">
    <p class='ocr_par' dir='ltr' id='par_1_8' title="bbox 399 2090 2300 2189">
     <span class='ocr_line' id='line_1_34' title="bbox 399 2090 2300 2137; baseline 0.001 -13"><span class='ocrx_word' id='word_1_398' title='bbox 399 2091 431 2125; x_wconf 90' lang='grc'><strong>4.</strong></span> <span class='ocrx_word' id='word_1_399' title='bbox 457 2090 577 2126; x_wconf 88' lang='lat' dir='ltr'>Berol.</span> <span class='ocrx_word' id='word_1_400' title='bbox 603 2090 626 2124; x_wconf 85' lang='lat' dir='ltr'>f.</span> <span class='ocrx_word' id='word_1_401' title='bbox 648 2091 710 2125; x_wconf 90' lang='lat'>191</span> <span class='ocrx_word' id='word_1_402' title='bbox 743 2090 810 2125; x_wconf 89' lang='lat' dir='ltr'>sub</span> <span class='ocrx_word' id='word_1_403' title='bbox 842 2090 1076 2136; x_wconf 85' lang='lat' dir='ltr'>praescripto</span> <span class='ocrx_word' id='word_1_404' title='bbox 1113 2102 1157 2127; x_wconf 72' lang='lat' dir='ltr'>ea:</span> <span class='ocrx_word' id='word_1_405' title='bbox 1192 2093 1264 2137; x_wconf 86' lang='grc' dir='ltr'>ῐο90</span> <span class='ocrx_word' id='word_1_406' title='bbox 1302 2092 1553 2128; x_wconf 76' lang='lat' dir='ltr'>Theodosiana</span> <span class='ocrx_word' id='word_1_407' title='bbox 1585 2093 1671 2128; x_wconf 75' lang='lat' dir='ltr'>libro</span> <span class='ocrx_word' id='word_1_408' title='bbox 1695 2093 1723 2127; x_wconf 94' lang='lat' dir='ltr'>I</span> <span class='ocrx_word' id='word_1_409' title='bbox 1749 2092 2034 2129; x_wconf 87' lang='lat' dir='ltr'>constitutiones</span> <span class='ocrx_word' id='word_1_410' title='bbox 2065 2091 2243 2128; x_wconf 83' lang='lat' dir='ltr'>breviarii</span> <span class='ocrx_word' id='word_1_411' title='bbox 2270 2092 2300 2133; x_wconf 91' lang='lat'>1,</span> 
     </span>
     <span class='ocr_line' id='line_1_35' title="bbox 461 2147 590 2189; baseline -0.008 -7"><span class='ocrx_word' id='word_1_412' title='bbox 461 2148 489 2189; x_wconf 94' lang='lat'>1,</span> <span class='ocrx_word' id='word_1_413' title='bbox 511 2148 539 2181; x_wconf 94' lang='lat'>1.</span> <span class='ocrx_word' id='word_1_414' title='bbox 559 2147 590 2181; x_wconf 91' lang='grc'>2.</span> 
     </span>
    </p>
   </div>
   <div class='ocr_carea' id='block_1_7' title="bbox 483 2240 2302 2289">
    <p class='ocr_par' dir='ltr' id='par_1_9' title="bbox 483 2240 2302 2289">
     <span class='ocr_line' id='line_1_36' title="bbox 483 2240 2302 2289; baseline 0.002 -15"><span class='ocrx_word' id='word_1_415' title='bbox 483 2240 672 2276; x_wconf 88' lang='lat' dir='ltr'>Parisinus</span> <span class='ocrx_word' id='word_1_416' title='bbox 698 2241 779 2277; x_wconf 90' lang='lat' dir='ltr'>Lat.</span> <span class='ocrx_word' id='word_1_417' title='bbox 801 2242 910 2277; x_wconf 88' lang='grc'><strong>12445</strong></span> <span class='ocrx_word' id='word_1_418' title='bbox 938 2243 994 2287; x_wconf 90' lang='lat'>(=</span> <span class='ocrx_word' id='word_1_419' title='bbox 1021 2242 1207 2289; x_wconf 79' lang='lat' dir='ltr'>Sangerm.</span> <span class='ocrx_word' id='word_1_420' title='bbox 1233 2243 1316 2285; x_wconf 83' lang='lat'>366;</span> <span class='ocrx_word' id='word_1_421' title='bbox 1350 2243 1492 2280; x_wconf 86' lang='lat' dir='ltr'>Haenel</span> <span class='ocrx_word' id='word_1_422' title='bbox 1518 2244 1562 2280; x_wconf 85' lang='lat'>50</span> <span class='ocrx_word' id='word_1_423' title='bbox 1586 2260 1629 2274; x_wconf 87' lang='lat'>=</span> <span class='ocrx_word' id='word_1_424' title='bbox 1653 2245 1709 2288; x_wconf 91' lang='grc'><strong>72)</strong></span> <span class='ocrx_word' id='word_1_425' title='bbox 1740 2255 1833 2280; x_wconf 85' lang='lat' dir='ltr'>saec.</span> <span class='ocrx_word' id='word_1_426' title='bbox 1858 2243 1956 2288; x_wconf 75' lang='lat' dir='ltr'>IXJX</span> <span class='ocrx_word' id='word_1_427' title='bbox 1988 2242 2169 2289; x_wconf 88' lang='lat' dir='ltr'>gemellus</span> <span class='ocrx_word' id='word_1_428' title='bbox 2199 2253 2302 2287; x_wconf 85' lang='lat' dir='ltr'>prae-</span> 
     </span>
    </p>
   </div>
   <div class='ocr_carea' id='block_1_8' title="bbox 363 2297 2303 2404">
    <p class='ocr_par' dir='ltr' id='par_1_10' title="bbox 363 2297 2303 2404">
     <span class='ocr_line' id='line_1_37' title="bbox 365 2297 2303 2347; baseline 0.001 -15"><span class='ocrx_word' id='word_1_429' title='bbox 365 2297 530 2332; x_wconf 86' lang='lat' dir='ltr'>cedentis</span> <span class='ocrx_word' id='word_1_430' title='bbox 557 2298 666 2342; x_wconf 86' lang='lat' dir='ltr'>(quae</span> <span class='ocrx_word' id='word_1_431' title='bbox 698 2297 736 2333; x_wconf 89' lang='lat' dir='ltr'>in</span> <span class='ocrx_word' id='word_1_432' title='bbox 769 2310 811 2334; x_wconf 92' lang='lat' dir='ltr'>eo</span> <span class='ocrx_word' id='word_1_433' title='bbox 844 2299 1099 2343; x_wconf 87' lang='lat' dir='ltr'>continentur,</span> <span class='ocrx_word' id='word_1_434' title='bbox 1133 2303 1300 2337; x_wconf 87' lang='lat' dir='ltr'>recenset</span> <span class='ocrx_word' id='word_1_435' title='bbox 1325 2301 1466 2337; x_wconf 87' lang='lat' dir='ltr'>Haenel</span> <span class='ocrx_word' id='word_1_436' title='bbox 1499 2304 1613 2337; x_wconf 89' lang='lat' dir='ltr'>const.</span> <span class='ocrx_word' id='word_1_437' title='bbox 1640 2301 1743 2336; x_wconf 83' lang='lat' dir='ltr'>Sirm.</span> <span class='ocrx_word' id='word_1_438' title='bbox 1768 2313 1803 2347; x_wconf 87' lang='lat' dir='ltr'>p.</span> <span class='ocrx_word' id='word_1_439' title='bbox 1821 2302 1904 2343; x_wconf 79' lang='lat'>415,</span> <span class='ocrx_word' id='word_1_440' title='bbox 1939 2301 2039 2336; x_wconf 89' lang='lat' dir='ltr'>brev.</span> <span class='ocrx_word' id='word_1_441' title='bbox 2065 2313 2101 2346; x_wconf 93' lang='lat' dir='ltr'>p.</span> <span class='ocrx_word' id='word_1_442' title='bbox 2121 2299 2303 2343; x_wconf 91' lang='lat' dir='ltr'>LXXXV)</span> 
     </span>
     <span class='ocr_line' id='line_1_38' title="bbox 363 2355 1358 2404; baseline 0.005 -15"><span class='ocrx_word' id='word_1_443' title='bbox 363 2356 455 2391; x_wconf 88' lang='lat' dir='ltr'>haec</span> <span class='ocrx_word' id='word_1_444' title='bbox 481 2355 598 2392; x_wconf 88' lang='lat' dir='ltr'>habet</span> <span class='ocrx_word' id='word_1_445' title='bbox 623 2356 670 2391; x_wconf 85' lang='lat' dir='ltr'>ad</span> <span class='ocrx_word' id='word_1_446' title='bbox 695 2360 859 2392; x_wconf 87' lang='lat' dir='ltr'>nostram</span> <span class='ocrx_word' id='word_1_447' title='bbox 884 2357 1085 2393; x_wconf 85' lang='lat' dir='ltr'>editionem</span> <span class='ocrx_word' id='word_1_448' title='bbox 1111 2358 1358 2404; x_wconf 88' lang='lat' dir='ltr'>pertinentia:</span> 
     </span>
    </p>
   </div>
   <div class='ocr_carea' id='block_1_9' title="bbox 397 2426 2309 3399">
    <p class='ocr_par' dir='ltr' id='par_1_11' title="bbox 400 2426 1945 2492">
     <span class='ocr_line' id='line_1_39' title="bbox 400 2426 1945 2492; baseline 0.003 -28"><span class='ocrx_word' id='word_1_449' title='bbox 400 2431 428 2465; x_wconf 89' lang='lat'>1.</span> <span class='ocrx_word' id='word_1_450' title='bbox 454 2430 704 2466; x_wconf 80' lang='lat' dir='ltr'>f.187⁴—-194‘</span> <span class='ocrx_word' id='word_1_451' title='bbox 730 2431 867 2468; x_wconf 87' lang='lat' dir='ltr'>codicis</span> <span class='ocrx_word' id='word_1_452' title='bbox 892 2432 956 2467; x_wconf 89' lang='lat' dir='ltr'>lib.</span> <span class='ocrx_word' id='word_1_453' title='bbox 976 2433 1063 2468; x_wconf 87' lang='lat' dir='ltr'>XVI</span> <span class='ocrx_word' id='word_1_454' title='bbox 1473 2426 1480 2477; x_wconf 62' lang='grc' dir='ltr'><em>δ</em></span> <span class='ocrx_word' id='word_1_455' title='bbox 1512 2456 1539 2492; x_wconf 65' lang='grc' dir='ltr'>-Ἐ</span> <span class='ocrx_word' id='word_1_456' title='bbox 1615 2459 1631 2492; x_wconf 55' lang='lat' dir='ltr'>t</span> <span class='ocrx_word' id='word_1_457' title='bbox 1660 2455 1667 2462; x_wconf 87' lang='lat'><strong>·</strong></span> <span class='ocrx_word' id='word_1_458' title='bbox 1698 2457 1716 2491; x_wconf 79' lang='lat' dir='ltr'><strong>f</strong></span> <span class='ocrx_word' id='word_1_459' title='bbox 1822 2458 1837 2491; x_wconf 59' lang='lat' dir='ltr'><strong>t</strong></span> <span class='ocrx_word' id='word_1_460' title='bbox 1888 2455 1945 2491; x_wconf 56' lang='lat' dir='ltr'>(st</span> 
     </span>
    </p>

    <p class='ocr_par' dir='ltr' id='par_1_12' title="bbox 397 2467 1999 2533">
     <span class='ocr_line' id='line_1_40' title="bbox 397 2467 1999 2533; baseline 0.002 -11"><span class='ocrx_word' id='word_1_461' title='bbox 397 2488 429 2522; x_wconf 94' lang='grc'>2.</span> <span class='ocrx_word' id='word_1_462' title='bbox 455 2488 479 2522; x_wconf 86' lang='lat' dir='ltr'>f.</span> <span class='ocrx_word' id='word_1_463' title='bbox 500 2488 702 2523; x_wconf 82' lang='lat'>194¹—196&#39;</span> <span class='ocrx_word' id='word_1_464' title='bbox 729 2489 1016 2525; x_wconf 88' lang='lat' dir='ltr'>constitutiones</span> <span class='ocrx_word' id='word_1_465' title='bbox 1042 2490 1319 2526; x_wconf 84' lang='lat' dir='ltr'>Sirmondianae</span> <span class='ocrx_word' id='word_1_466' title='bbox 1347 2492 1435 2526; x_wconf 89' lang='lat'>1-—7</span> <span class='ocrx_word' id='word_1_467' title='bbox 1473 2486 1482 2533; x_wconf 59' lang='lat' dir='ltr'>S</span> <span class='ocrx_word' id='word_1_468' title='bbox 1509 2469 1521 2491; x_wconf 63' lang='grc'><strong>1</strong></span> <span class='ocrx_word' id='word_1_469' title='bbox 1543 2468 1564 2492; x_wconf 68' lang='lat' dir='ltr'>a</span> <span class='ocrx_word' id='word_1_470' title='bbox 1589 2469 1612 2491; x_wconf 73' lang='lat' dir='ltr'>u</span> <span class='ocrx_word' id='word_1_471' title='bbox 1657 2469 1695 2491; x_wconf 77' lang='lat' dir='ltr'>m</span> <span class='ocrx_word' id='word_1_472' title='bbox 1712 2468 1754 2491; x_wconf 65' lang='lat' dir='ltr'>ra</span> <span class='ocrx_word' id='word_1_473' title='bbox 1780 2467 1818 2491; x_wconf 74' lang='lat' dir='ltr'>OS</span> <span class='ocrx_word' id='word_1_474' title='bbox 1840 2467 1885 2492; x_wconf 75' lang='lat' dir='ltr'>en</span> <span class='ocrx_word' id='word_1_475' title='bbox 1913 2468 1925 2490; x_wconf 65' lang='lat'>1</span> <span class='ocrx_word' id='word_1_476' title='bbox 1947 2468 1999 2491; x_wconf 54' lang='lat' dir='ltr'>ur·</span> 
     </span>
    </p>

    <p class='ocr_par' dir='ltr' id='par_1_13' title="bbox 399 2546 2305 2766">
     <span class='ocr_line' id='line_1_41' title="bbox 399 2546 2304 2593; baseline 0.001 -13"><span class='ocrx_word' id='word_1_477' title='bbox 399 2546 430 2580; x_wconf 86' lang='grc'>3.</span> <span class='ocrx_word' id='word_1_478' title='bbox 456 2546 480 2580; x_wconf 88' lang='lat' dir='ltr'>f.</span> <span class='ocrx_word' id='word_1_479' title='bbox 507 2546 698 2581; x_wconf 88' lang='lat'>196—198</span> <span class='ocrx_word' id='word_1_480' title='bbox 730 2547 797 2581; x_wconf 92' lang='lat' dir='ltr'>sub</span> <span class='ocrx_word' id='word_1_481' title='bbox 832 2548 1065 2593; x_wconf 89' lang='lat' dir='ltr'>praescripto</span> <span class='ocrx_word' id='word_1_482' title='bbox 1099 2559 1141 2583; x_wconf 76' lang='lat' dir='ltr'>ex</span> <span class='ocrx_word' id='word_1_483' title='bbox 1173 2549 1262 2583; x_wconf 72' lang='lat' dir='ltr'>libro</span> <span class='ocrx_word' id='word_1_484' title='bbox 1297 2548 1482 2584; x_wconf 73' lang='lat' dir='ltr'>Theodosii</span> <span class='ocrx_word' id='word_1_485' title='bbox 1514 2548 1641 2584; x_wconf 88' lang='lat' dir='ltr'>VIIII</span> <span class='ocrx_word' id='word_1_486' title='bbox 1671 2549 1738 2584; x_wconf 86' lang='lat' dir='ltr'>Th.</span> <span class='ocrx_word' id='word_1_487' title='bbox 1762 2549 1794 2590; x_wconf 90' lang='lat'>9,</span> <span class='ocrx_word' id='word_1_488' title='bbox 1815 2550 1844 2591; x_wconf 93' lang='lat'>1,</span> <span class='ocrx_word' id='word_1_489' title='bbox 1865 2550 1892 2584; x_wconf 92' lang='lat'>1.</span> <span class='ocrx_word' id='word_1_490' title='bbox 1920 2550 1951 2584; x_wconf 84' lang='lat'>5.</span> <span class='ocrx_word' id='word_1_491' title='bbox 1976 2549 2008 2584; x_wconf 92' lang='lat'>9.</span> <span class='ocrx_word' id='word_1_492' title='bbox 2037 2548 2088 2584; x_wconf 91' lang='lat'>10.</span> <span class='ocrx_word' id='word_1_493' title='bbox 2117 2548 2156 2583; x_wconf 95' lang='lat'>11</span> <span class='ocrx_word' id='word_1_494' title='bbox 2193 2547 2304 2592; x_wconf 87' lang='lat' dir='ltr'>(inter</span> 
     </span>
     <span class='ocr_line' id='line_1_42' title="bbox 457 2603 2305 2651; baseline 0.001 -13"><span class='ocrx_word' id='word_1_495' title='bbox 457 2603 739 2649; x_wconf 87' lang='lat' dir='ltr'>inscriptionem</span> <span class='ocrx_word' id='word_1_496' title='bbox 776 2607 813 2640; x_wconf 92' lang='lat' dir='ltr'>et</span> <span class='ocrx_word' id='word_1_497' title='bbox 846 2604 967 2650; x_wconf 88' lang='lat' dir='ltr'>ipsam</span> <span class='ocrx_word' id='word_1_498' title='bbox 1001 2606 1123 2651; x_wconf 86' lang='lat' dir='ltr'>legem</span> <span class='ocrx_word' id='word_1_499' title='bbox 1156 2605 1442 2651; x_wconf 89' lang='lat' dir='ltr'>interponuntur</span> <span class='ocrx_word' id='word_1_500' title='bbox 1473 2607 1579 2643; x_wconf 85' lang='lat' dir='ltr'>haec:</span> <span class='ocrx_word' id='word_1_501' title='bbox 1612 2618 1654 2642; x_wconf 71' lang='lat' dir='ltr'>ea:</span> <span class='ocrx_word' id='word_1_502' title='bbox 1685 2607 1975 2651; x_wconf 72' lang='lat' dir='ltr'>interpretatione</span> <span class='ocrx_word' id='word_1_503' title='bbox 2006 2606 2090 2651; x_wconf 76' lang='lat' dir='ltr'>leyis</span> <span class='ocrx_word' id='word_1_504' title='bbox 2121 2605 2305 2641; x_wconf 75' lang='lat' dir='ltr'>Martiani</span> 
     </span>
     <span class='ocr_line' id='line_1_43' title="bbox 461 2661 2304 2708; baseline 0.001 -12"><span class='ocrx_word' id='word_1_505' title='bbox 461 2661 556 2706; x_wconf 56' lang='grc'><strong>[11011.</strong></span> <span class='ocrx_word' id='word_1_506' title='bbox 578 2663 619 2706; x_wconf 84' lang='grc'>1].</span> <span class='ocrx_word' id='word_1_507' title='bbox 670 2662 710 2696; x_wconf 81' lang='lat' dir='ltr'>Si</span> <span class='ocrx_word' id='word_1_508' title='bbox 735 2662 813 2706; x_wconf 77' lang='lat' dir='ltr'>quis</span> <span class='ocrx_word' id='word_1_509' title='bbox 839 2662 1083 2698; x_wconf 64' lang='lat' dir='ltr'>adversm-ima</span> <span class='ocrx_word' id='word_1_510' title='bbox 1107 2667 1170 2698; x_wconf 75' lang='lat' dir='ltr'>aut</span> <span class='ocrx_word' id='word_1_511' title='bbox 1194 2664 1399 2708; x_wconf 70' lang='lat' dir='ltr'>repetitione</span> <span class='ocrx_word' id='word_1_512' title='bbox 1425 2692 1431 2699; x_wconf 94' lang='lat'>.</span> <span class='ocrx_word' id='word_1_513' title='bbox 1452 2691 1460 2700; x_wconf 98' lang='lat'>.</span> <span class='ocrx_word' id='word_1_514' title='bbox 1483 2692 1513 2700; x_wconf 94' lang='lat'>..</span> <span class='ocrx_word' id='word_1_515' title='bbox 1539 2668 1578 2699; x_wconf 77' lang='lat' dir='ltr'>nt</span> <span class='ocrx_word' id='word_1_516' title='bbox 1603 2668 1702 2699; x_wconf 78' lang='lat' dir='ltr'>actor</span> <span class='ocrx_word' id='word_1_517' title='bbox 1726 2665 1777 2699; x_wconf 66' lang='lat' dir='ltr'>‘rei</span> <span class='ocrx_word' id='word_1_518' title='bbox 1800 2664 1920 2707; x_wconf 75' lang='lat' dir='ltr'>forum</span> <span class='ocrx_word' id='word_1_519' title='bbox 1944 2667 2122 2708; x_wconf 77' lang='lat' dir='ltr'>sequatur.</span> <span class='ocrx_word' id='word_1_520' title='bbox 2171 2662 2304 2698; x_wconf 80' lang='lat' dir='ltr'>Secun-</span> 
     </span>
     <span class='ocr_line' id='line_1_44' title="bbox 457 2719 2245 2766; baseline 0.001 -13"><span class='ocrx_word' id='word_1_521' title='bbox 457 2719 544 2753; x_wconf 77' lang='lat' dir='ltr'>dam</span> <span class='ocrx_word' id='word_1_522' title='bbox 568 2720 632 2753; x_wconf 84' lang='lat' dir='ltr'>has</span> <span class='ocrx_word' id='word_1_523' title='bbox 658 2720 745 2764; x_wconf 75' lang='grc'><strong>10903</strong></span> <span class='ocrx_word' id='word_1_524' title='bbox 770 2720 921 2755; x_wconf 71' lang='lat' dir='ltr'>decrevit</span> <span class='ocrx_word' id='word_1_525' title='bbox 948 2720 1224 2765; x_wconf 63' lang='lat' dir='ltr'>carthaginense</span> <span class='ocrx_word' id='word_1_526' title='bbox 1249 2722 1437 2756; x_wconf 77' lang='lat' dir='ltr'>concilium</span> <span class='ocrx_word' id='word_1_527' title='bbox 1461 2723 1662 2766; x_wconf 78' lang='lat' dir='ltr'>capitulum</span> <span class='ocrx_word' id='word_1_528' title='bbox 1690 2722 1841 2766; x_wconf 92' lang='lat' dir='ltr'>XXX).</span> <span class='ocrx_word' id='word_1_529' title='bbox 1870 2722 1922 2758; x_wconf 82' lang='lat'>12.</span> <span class='ocrx_word' id='word_1_530' title='bbox 1952 2722 2003 2756; x_wconf 92' lang='lat'>14.</span> <span class='ocrx_word' id='word_1_531' title='bbox 2031 2721 2083 2755; x_wconf 91' lang='grc'>15.</span> <span class='ocrx_word' id='word_1_532' title='bbox 2111 2720 2164 2756; x_wconf 92' lang='grc'>18.</span> <span class='ocrx_word' id='word_1_533' title='bbox 2193 2721 2245 2756; x_wconf 90' lang='grc'>19.</span> 
     </span>
    </p>

    <p class='ocr_par' dir='ltr' id='par_1_14' title="bbox 400 2777 2051 2824">
     <span class='ocr_line' id='line_1_45' title="bbox 400 2777 2051 2824; baseline 0.001 -13"><span class='ocrx_word' id='word_1_534' title='bbox 400 2778 433 2812; x_wconf 92' lang='grc'>4.</span> <span class='ocrx_word' id='word_1_535' title='bbox 459 2778 482 2811; x_wconf 89' lang='lat' dir='ltr'>f.</span> <span class='ocrx_word' id='word_1_536' title='bbox 504 2777 568 2811; x_wconf 91' lang='lat'>198</span> <span class='ocrx_word' id='word_1_537' title='bbox 594 2777 661 2812; x_wconf 91' lang='lat' dir='ltr'>sub</span> <span class='ocrx_word' id='word_1_538' title='bbox 687 2777 918 2823; x_wconf 84' lang='lat' dir='ltr'>praescripto</span> <span class='ocrx_word' id='word_1_539' title='bbox 943 2789 985 2813; x_wconf 75' lang='lat' dir='ltr'>ea:</span> <span class='ocrx_word' id='word_1_540' title='bbox 1009 2779 1079 2824; x_wconf 72' lang='grc'><strong>1090</strong></span> <span class='ocrx_word' id='word_1_541' title='bbox 1108 2779 1359 2814; x_wconf 75' lang='lat' dir='ltr'>Theodosiana</span> <span class='ocrx_word' id='word_1_542' title='bbox 1386 2780 1473 2814; x_wconf 77' lang='lat' dir='ltr'>libro</span> <span class='ocrx_word' id='word_1_543' title='bbox 1499 2780 1526 2814; x_wconf 94' lang='lat' dir='ltr'>I</span> <span class='ocrx_word' id='word_1_544' title='bbox 1548 2779 1835 2815; x_wconf 89' lang='lat' dir='ltr'>constitutiones</span> <span class='ocrx_word' id='word_1_545' title='bbox 1860 2780 1888 2815; x_wconf 93' lang='lat' dir='ltr'>I.</span> <span class='ocrx_word' id='word_1_546' title='bbox 1916 2780 1945 2821; x_wconf 93' lang='lat'>1,</span> <span class='ocrx_word' id='word_1_547' title='bbox 1966 2780 1995 2813; x_wconf 90' lang='lat'>1.</span> <span class='ocrx_word' id='word_1_548' title='bbox 2020 2779 2051 2813; x_wconf 89' lang='grc'>2.</span> 
     </span>
    </p>

    <p class='ocr_par' dir='ltr' id='par_1_15' title="bbox 400 2834 2304 2882">
     <span class='ocr_line' id='line_1_46' title="bbox 400 2834 2304 2882; baseline 0.001 -13"><span class='ocrx_word' id='word_1_549' title='bbox 400 2836 432 2870; x_wconf 90' lang='grc'>5.</span> <span class='ocrx_word' id='word_1_550' title='bbox 458 2835 481 2869; x_wconf 92' lang='lat' dir='ltr'>f.</span> <span class='ocrx_word' id='word_1_551' title='bbox 495 2835 563 2870; x_wconf 91' lang='grc'>210</span> <span class='ocrx_word' id='word_1_552' title='bbox 581 2835 648 2869; x_wconf 90' lang='lat' dir='ltr'>Th.</span> <span class='ocrx_word' id='word_1_553' title='bbox 664 2836 805 2877; x_wconf 85' lang='grc'><strong>2,26,2;</strong></span> <span class='ocrx_word' id='word_1_554' title='bbox 825 2836 877 2870; x_wconf 86' lang='lat' dir='ltr'>‘in</span> <span class='ocrx_word' id='word_1_555' title='bbox 894 2836 980 2870; x_wconf 77' lang='lat' dir='ltr'>libro</span> <span class='ocrx_word' id='word_1_556' title='bbox 997 2836 1150 2871; x_wconf 73' lang='lat' dir='ltr'>secando</span> <span class='ocrx_word' id='word_1_557' title='bbox 1168 2837 1253 2882; x_wconf 79' lang='grc' dir='ltr'><strong>ἶο9ῖ3</strong></span> <span class='ocrx_word' id='word_1_558' title='bbox 1271 2837 1544 2872; x_wconf 77' lang='lat' dir='ltr'>Theodosianae</span> <span class='ocrx_word' id='word_1_559' title='bbox 1566 2849 1642 2881; x_wconf 76' lang='lat' dir='ltr'>cap.</span> <span class='ocrx_word' id='word_1_560' title='bbox 1658 2837 1738 2872; x_wconf 92' lang='lat' dir='ltr'>XX</span> <span class='ocrx_word' id='word_1_561' title='bbox 1750 2837 1830 2872; x_wconf 93' lang='lat' dir='ltr'>VII</span> <span class='ocrx_word' id='word_1_562' title='bbox 1841 2836 1883 2871; x_wconf 87' lang='lat' dir='ltr'>de</span> <span class='ocrx_word' id='word_1_563' title='bbox 1898 2836 2029 2880; x_wconf 74' lang='lat' dir='ltr'>finium</span> <span class='ocrx_word' id='word_1_564' title='bbox 2050 2834 2304 2882; x_wconf 63' lang='lat' dir='ltr'>reqendmmm&#39;.</span> 
     </span>
    </p>

    <p class='ocr_par' dir='ltr' id='par_1_16' title="bbox 401 2892 2306 3170">
     <span class='ocr_line' id='line_1_47' title="bbox 401 2892 2303 2941; baseline 0.001 -15"><span class='ocrx_word' id='word_1_565' title='bbox 401 2893 431 2927; x_wconf 91' lang='lat'>6.</span> <span class='ocrx_word' id='word_1_566' title='bbox 459 2892 482 2927; x_wconf 87' lang='lat' dir='ltr'>f.</span> <span class='ocrx_word' id='word_1_567' title='bbox 501 2892 578 2927; x_wconf 83' lang='grc'><strong>213.</strong></span> <span class='ocrx_word' id='word_1_568' title='bbox 604 2892 673 2927; x_wconf 88' lang='grc'>214</span> <span class='ocrx_word' id='word_1_569' title='bbox 703 2893 755 2926; x_wconf 82' lang='lat' dir='ltr'>‘in</span> <span class='ocrx_word' id='word_1_570' title='bbox 787 2893 875 2927; x_wconf 73' lang='lat' dir='ltr'>libro</span> <span class='ocrx_word' id='word_1_571' title='bbox 902 2894 995 2928; x_wconf 89' lang='lat' dir='ltr'>IIII</span> <span class='ocrx_word' id='word_1_572' title='bbox 1021 2894 1285 2929; x_wconf 82' lang='lat' dir='ltr'>Theodosianae</span> <span class='ocrx_word' id='word_1_573' title='bbox 1315 2896 1398 2941; x_wconf 74' lang='grc'><strong>10913</strong></span> <span class='ocrx_word' id='word_1_574' title='bbox 1429 2907 1505 2939; x_wconf 82' lang='lat' dir='ltr'>cap.</span> <span class='ocrx_word' id='word_1_575' title='bbox 1528 2896 1663 2929; x_wconf 87' lang='lat' dir='ltr'>XIIII</span> <span class='ocrx_word' id='word_1_576' title='bbox 1686 2895 1727 2930; x_wconf 85' lang='lat' dir='ltr'>de</span> <span class='ocrx_word' id='word_1_577' title='bbox 1756 2905 1794 2929; x_wconf 78' lang='lat' dir='ltr'>re</span> <span class='ocrx_word' id='word_1_578' title='bbox 1824 2893 2008 2929; x_wconf 82' lang='lat' dir='ltr'>indicata’.</span> <span class='ocrx_word' id='word_1_579' title='bbox 2057 2893 2126 2929; x_wconf 92' lang='lat' dir='ltr'>Th.</span> <span class='ocrx_word' id='word_1_580' title='bbox 2148 2894 2182 2935; x_wconf 88' lang='lat'>4,</span> <span class='ocrx_word' id='word_1_581' title='bbox 2202 2893 2255 2934; x_wconf 88' lang='grc'>16,</span> <span class='ocrx_word' id='word_1_582' title='bbox 2272 2893 2303 2928; x_wconf 88' lang='grc'>2.</span> 
     </span>
     <span class='ocr_line' id='line_1_48' title="bbox 458 2950 2304 2997; baseline 0.001 -12"><span class='ocrx_word' id='word_1_583' title='bbox 458 2950 517 2985; x_wconf 90' lang='lat' dir='ltr'>tit.</span> <span class='ocrx_word' id='word_1_584' title='bbox 538 2951 590 2992; x_wconf 92' lang='grc'>17,</span> <span class='ocrx_word' id='word_1_585' title='bbox 609 2951 639 2984; x_wconf 87' lang='grc'>2.</span> <span class='ocrx_word' id='word_1_586' title='bbox 657 2951 693 2992; x_wconf 91' lang='grc'>5,</span> <span class='ocrx_word' id='word_1_587' title='bbox 720 2950 779 2986; x_wconf 90' lang='lat' dir='ltr'>tit.</span> <span class='ocrx_word' id='word_1_588' title='bbox 801 2951 852 2992; x_wconf 82' lang='lat'>18,</span> <span class='ocrx_word' id='word_1_589' title='bbox 874 2952 901 2986; x_wconf 87' lang='lat'>1.</span> <span class='ocrx_word' id='word_1_590' title='bbox 930 2952 969 2992; x_wconf 84' lang='grc'>2;</span> <span class='ocrx_word' id='word_1_591' title='bbox 1006 2951 1210 2987; x_wconf 88' lang='lat' dir='ltr'>subicitur:</span> <span class='ocrx_word' id='word_1_592' title='bbox 1246 2952 1437 2987; x_wconf 76' lang='lat' dir='ltr'>secundum</span> <span class='ocrx_word' id='word_1_593' title='bbox 1471 2953 1537 2987; x_wconf 86' lang='lat' dir='ltr'>has</span> <span class='ocrx_word' id='word_1_594' title='bbox 1573 2953 1656 2997; x_wconf 79' lang='grc'><strong>10903</strong></span> <span class='ocrx_word' id='word_1_595' title='bbox 1687 2952 1916 2987; x_wconf 68' lang='lat' dir='ltr'>decreverunt</span> <span class='ocrx_word' id='word_1_596' title='bbox 1944 2962 2100 2986; x_wconf 82' lang='lat' dir='ltr'>canones</span> <span class='ocrx_word' id='word_1_597' title='bbox 2135 2950 2304 2996; x_wconf 71' lang='lat' dir='ltr'>Cartaqn.</span> 
     </span>
     <span class='ocr_line' id='line_1_49' title="bbox 459 3008 2305 3053; baseline 0.001 -12"><span class='ocrx_word' id='word_1_598' title='bbox 459 3008 600 3042; x_wconf 80' lang='lat' dir='ltr'>concilii</span> <span class='ocrx_word' id='word_1_599' title='bbox 624 3019 700 3051; x_wconf 79' lang='lat' dir='ltr'>cap.</span> <span class='ocrx_word' id='word_1_600' title='bbox 729 3009 810 3052; x_wconf 88' lang='lat' dir='ltr'>XV,</span> <span class='ocrx_word' id='word_1_601' title='bbox 847 3020 924 3053; x_wconf 76' lang='lat' dir='ltr'>cap.</span> <span class='ocrx_word' id='word_1_602' title='bbox 951 3009 1126 3044; x_wconf 80' lang='lat' dir='ltr'>XVIIII</span> <span class='ocrx_word' id='word_1_603' title='bbox 1161 3014 1193 3044; x_wconf 76' lang='lat' dir='ltr'>et</span> <span class='ocrx_word' id='word_1_604' title='bbox 1225 3020 1299 3053; x_wconf 77' lang='lat' dir='ltr'>cap.</span> <span class='ocrx_word' id='word_1_605' title='bbox 1328 3010 1410 3044; x_wconf 88' lang='lat' dir='ltr'>XX</span> <span class='ocrx_word' id='word_1_606' title='bbox 1445 3013 1476 3044; x_wconf 79' lang='lat' dir='ltr'>et</span> <span class='ocrx_word' id='word_1_607' title='bbox 1511 3009 1683 3052; x_wconf 70' lang='lat' dir='ltr'>Africani</span> <span class='ocrx_word' id='word_1_608' title='bbox 1718 3009 1863 3044; x_wconf 81' lang='lat' dir='ltr'>concilii</span> <span class='ocrx_word' id='word_1_609' title='bbox 1899 3019 1976 3053; x_wconf 81' lang='lat' dir='ltr'>cap.</span> <span class='ocrx_word' id='word_1_610' title='bbox 2012 3008 2129 3044; x_wconf 89' lang='lat' dir='ltr'>LXV</span> <span class='ocrx_word' id='word_1_611' title='bbox 2161 3011 2194 3043; x_wconf 84' lang='lat' dir='ltr'>et</span> <span class='ocrx_word' id='word_1_612' title='bbox 2227 3018 2305 3052; x_wconf 76' lang='lat' dir='ltr'>cap.</span> 
     </span>
     <span class='ocr_line' id='line_1_50' title="bbox 459 3064 2306 3111; baseline 0 -12"><span class='ocrx_word' id='word_1_613' title='bbox 459 3064 629 3099; x_wconf 88' lang='lat' dir='ltr'>LXXII</span> <span class='ocrx_word' id='word_1_614' title='bbox 652 3069 683 3100; x_wconf 75' lang='lat' dir='ltr'>et</span> <span class='ocrx_word' id='word_1_615' title='bbox 706 3076 781 3110; x_wconf 78' lang='lat' dir='ltr'>cap.</span> <span class='ocrx_word' id='word_1_616' title='bbox 808 3066 1080 3101; x_wconf 90' lang='lat' dir='ltr'>LXXXVIII</span> <span class='ocrx_word' id='word_1_617' title='bbox 1102 3071 1133 3102; x_wconf 80' lang='lat' dir='ltr'>et</span> <span class='ocrx_word' id='word_1_618' title='bbox 1158 3067 1457 3101; x_wconf 87' lang='lat' dir='ltr'>LXXXVIIII</span> <span class='ocrx_word' id='word_1_619' title='bbox 1483 3070 1516 3101; x_wconf 71' lang='lat' dir='ltr'>et</span> <span class='ocrx_word' id='word_1_620' title='bbox 1552 3066 1627 3101; x_wconf 81' lang='lat' dir='ltr'>XO</span> <span class='ocrx_word' id='word_1_621' title='bbox 1654 3069 1687 3101; x_wconf 75' lang='lat' dir='ltr'>et</span> <span class='ocrx_word' id='word_1_622' title='bbox 1717 3069 1862 3101; x_wconf 71' lang='lat' dir='ltr'>sanetus</span> <span class='ocrx_word' id='word_1_623' title='bbox 1903 3065 2098 3111; x_wconf 72' lang='lat' dir='ltr'>Greqorins</span> <span class='ocrx_word' id='word_1_624' title='bbox 2130 3065 2306 3101; x_wconf 76' lang='lat' dir='ltr'>multoties</span> 
     </span>
     <span class='ocr_line' id='line_1_51' title="bbox 459 3122 1947 3170; baseline 0.002 -15"><span class='ocrx_word' id='word_1_625' title='bbox 459 3122 550 3157; x_wconf 75' lang='lat' dir='ltr'>sieut</span> <span class='ocrx_word' id='word_1_626' title='bbox 574 3123 800 3167; x_wconf 69' lang='lat' dir='ltr'>subsequitur</span> <span class='ocrx_word' id='word_1_627' title='bbox 826 3124 1008 3168; x_wconf 86' lang='lat' dir='ltr'>(sequitur</span> <span class='ocrx_word' id='word_1_628' title='bbox 1034 3124 1204 3170; x_wconf 83' lang='lat' dir='ltr'>Gregorii</span> <span class='ocrx_word' id='word_1_629' title='bbox 1231 3137 1352 3170; x_wconf 87' lang='lat' dir='ltr'>papae</span> <span class='ocrx_word' id='word_1_630' title='bbox 1379 3136 1435 3169; x_wconf 86' lang='lat' dir='ltr'>ep.</span> <span class='ocrx_word' id='word_1_631' title='bbox 1457 3125 1509 3166; x_wconf 91' lang='grc'>11,</span> <span class='ocrx_word' id='word_1_632' title='bbox 1527 3124 1572 3158; x_wconf 85' lang='grc'><strong>24</strong></span> <span class='ocrx_word' id='word_1_633' title='bbox 1588 3124 1632 3158; x_wconf 93' lang='lat' dir='ltr'>H.</span> <span class='ocrx_word' id='word_1_634' title='bbox 1659 3124 1715 3169; x_wconf 88' lang='lat'>(=</span> <span class='ocrx_word' id='word_1_635' title='bbox 1737 3124 1788 3164; x_wconf 93' lang='grc'>11,</span> <span class='ocrx_word' id='word_1_636' title='bbox 1807 3123 1851 3158; x_wconf 81' lang='grc'>37</span> <span class='ocrx_word' id='word_1_637' title='bbox 1875 3123 1947 3168; x_wconf 70' lang='grc' dir='ltr'>Μ.)</span> 
     </span>
    </p>

    <p class='ocr_par' dir='ltr' id='par_1_17' title="bbox 405 3179 2309 3284">
     <span class='ocr_line' id='line_1_52' title="bbox 405 3179 2304 3227; baseline 0.001 -14"><span class='ocrx_word' id='word_1_638' title='bbox 405 3180 435 3214; x_wconf 86' lang='lat'>5.</span> <span class='ocrx_word' id='word_1_639' title='bbox 462 3180 485 3213; x_wconf 88' lang='lat' dir='ltr'>f.</span> <span class='ocrx_word' id='word_1_640' title='bbox 508 3180 596 3214; x_wconf 78' lang='lat'>216⁴.</span> <span class='ocrx_word' id='word_1_641' title='bbox 622 3181 689 3215; x_wconf 86' lang='grc'>217</span> <span class='ocrx_word' id='word_1_642' title='bbox 720 3181 774 3215; x_wconf 86' lang='lat' dir='ltr'>‘in</span> <span class='ocrx_word' id='word_1_643' title='bbox 801 3181 869 3215; x_wconf 93' lang='lat' dir='ltr'>XI</span> <span class='ocrx_word' id='word_1_644' title='bbox 896 3181 981 3216; x_wconf 79' lang='lat' dir='ltr'>libro</span> <span class='ocrx_word' id='word_1_645' title='bbox 1013 3182 1202 3216; x_wconf 64' lang='lat' dir='ltr'>Theodosii</span> <span class='ocrx_word' id='word_1_646' title='bbox 1233 3193 1310 3227; x_wconf 81' lang='lat' dir='ltr'>cap.</span> <span class='ocrx_word' id='word_1_647' title='bbox 1333 3182 1467 3216; x_wconf 91' lang='lat' dir='ltr'>XIIII</span> <span class='ocrx_word' id='word_1_648' title='bbox 1487 3181 1528 3216; x_wconf 87' lang='lat' dir='ltr'>de</span> <span class='ocrx_word' id='word_1_649' title='bbox 1554 3181 1624 3224; x_wconf 72' lang='lat' dir='ltr'>fide</span> <span class='ocrx_word' id='word_1_650' title='bbox 1654 3182 1793 3216; x_wconf 76' lang='lat' dir='ltr'>testium</span> <span class='ocrx_word' id='word_1_651' title='bbox 1824 3185 1855 3216; x_wconf 82' lang='lat' dir='ltr'>et</span> <span class='ocrx_word' id='word_1_652' title='bbox 1883 3180 2212 3216; x_wconf 75' lang='lat' dir='ltr'>insermnemorum‘</span> <span class='ocrx_word' id='word_1_653' title='bbox 2235 3179 2304 3215; x_wconf 88' lang='lat' dir='ltr'>Th.</span> 
     </span>
     <span class='ocr_line' id='line_1_53' title="bbox 466 3237 2309 3284; baseline 0.001 -14"><span class='ocrx_word' id='word_1_654' title='bbox 466 3237 517 3277; x_wconf 93' lang='lat'>11,</span> <span class='ocrx_word' id='word_1_655' title='bbox 534 3237 588 3278; x_wconf 77' lang='lat'>39,</span> <span class='ocrx_word' id='word_1_656' title='bbox 607 3237 639 3272; x_wconf 91' lang='grc'>2.</span> <span class='ocrx_word' id='word_1_657' title='bbox 658 3237 689 3272; x_wconf 86' lang='grc'>3.</span> <span class='ocrx_word' id='word_1_658' title='bbox 709 3239 739 3273; x_wconf 92' lang='grc'>7.</span> <span class='ocrx_word' id='word_1_659' title='bbox 755 3239 788 3273; x_wconf 90' lang='grc'>9.</span> <span class='ocrx_word' id='word_1_660' title='bbox 809 3238 860 3273; x_wconf 91' lang='grc'>10.</span> <span class='ocrx_word' id='word_1_661' title='bbox 883 3239 933 3273; x_wconf 85' lang='grc'>12.</span> <span class='ocrx_word' id='word_1_662' title='bbox 955 3240 1006 3273; x_wconf 82' lang='grc'>13.</span> <span class='ocrx_word' id='word_1_663' title='bbox 1047 3239 1222 3283; x_wconf 84' lang='lat' dir='ltr'>Sequitur</span> <span class='ocrx_word' id='word_1_664' title='bbox 1239 3241 1296 3284; x_wconf 81' lang='lat' dir='ltr'>(ex</span> <span class='ocrx_word' id='word_1_665' title='bbox 1310 3239 1427 3274; x_wconf 84' lang='lat' dir='ltr'>Paulo</span> <span class='ocrx_word' id='word_1_666' title='bbox 1445 3239 1562 3282; x_wconf 79' lang='grc'><strong>5,32);</strong></span> <span class='ocrx_word' id='word_1_667' title='bbox 1582 3239 1800 3273; x_wconf 88' lang='grc' dir='ltr'><em>ΧΧΧΙΙΙΙ</em></span> <span class='ocrx_word' id='word_1_668' title='bbox 1814 3238 1962 3283; x_wconf 75' lang='lat' dir='ltr'>quando</span> <span class='ocrx_word' id='word_1_669' title='bbox 1978 3237 2235 3284; x_wconf 74' lang='lat' dir='ltr'>appellandum</span> <span class='ocrx_word' id='word_1_670' title='bbox 2250 3237 2309 3273; x_wconf 72' lang='lat' dir='ltr'>sit.</span> 
     </span>
    </p>

    <p class='ocr_par' dir='ltr' id='par_1_18' title="bbox 404 3294 2308 3399">
     <span class='ocr_line' id='line_1_54' title="bbox 404 3294 2307 3340; baseline 0.002 -13"><span class='ocrx_word' id='word_1_671' title='bbox 404 3294 435 3327; x_wconf 87' lang='grc'>6.</span> <span class='ocrx_word' id='word_1_672' title='bbox 464 3294 485 3327; x_wconf 88' lang='lat' dir='ltr'>s.</span> <span class='ocrx_word' id='word_1_673' title='bbox 506 3294 572 3328; x_wconf 83' lang='grc'>219</span> <span class='ocrx_word' id='word_1_674' title='bbox 598 3296 842 3339; x_wconf 80' lang='lat' dir='ltr'>(praecedunt</span> <span class='ocrx_word' id='word_1_675' title='bbox 868 3297 997 3331; x_wconf 85' lang='lat' dir='ltr'>verba:</span> <span class='ocrx_word' id='word_1_676' title='bbox 1031 3297 1072 3330; x_wconf 85' lang='lat' dir='ltr'>in</span> <span class='ocrx_word' id='word_1_677' title='bbox 1099 3297 1276 3339; x_wconf 72' lang='lat' dir='ltr'>Africcmo</span> <span class='ocrx_word' id='word_1_678' title='bbox 1311 3297 1460 3331; x_wconf 81' lang='lat' dir='ltr'>conc-ilio</span> <span class='ocrx_word' id='word_1_679' title='bbox 1491 3307 1567 3340; x_wconf 75' lang='lat' dir='ltr'>cap.</span> <span class='ocrx_word' id='word_1_680' title='bbox 1593 3296 1783 3331; x_wconf 93' lang='lat' dir='ltr'>LXVIII</span> <span class='ocrx_word' id='word_1_681' title='bbox 1808 3297 1848 3331; x_wconf 84' lang='lat' dir='ltr'>de</span> <span class='ocrx_word' id='word_1_682' title='bbox 1878 3297 2053 3332; x_wconf 77' lang='lat' dir='ltr'>sententia</span> <span class='ocrx_word' id='word_1_683' title='bbox 2084 3295 2236 3338; x_wconf 82' lang='lat' dir='ltr'>ferenda</span> <span class='ocrx_word' id='word_1_684' title='bbox 2267 3297 2307 3330; x_wconf 86' lang='lat' dir='ltr'>in</span> 
     </span>
     <span class='ocr_line' id='line_1_55' title="bbox 462 3354 2308 3399; baseline 0 -11"><span class='ocrx_word' id='word_1_685' title='bbox 462 3356 715 3399; x_wconf 70' lang='lat' dir='ltr'>contumacem)</span> <span class='ocrx_word' id='word_1_686' title='bbox 739 3355 792 3389; x_wconf 78' lang='lat' dir='ltr'>‘in</span> <span class='ocrx_word' id='word_1_687' title='bbox 817 3356 906 3390; x_wconf 78' lang='lat' dir='ltr'>libro</span> <span class='ocrx_word' id='word_1_688' title='bbox 928 3367 1026 3391; x_wconf 80' lang='lat' dir='ltr'>nono</span> <span class='ocrx_word' id='word_1_689' title='bbox 1051 3367 1126 3399; x_wconf 75' lang='lat' dir='ltr'>cap.</span> <span class='ocrx_word' id='word_1_690' title='bbox 1148 3356 1366 3390; x_wconf 74' lang='lat' dir='ltr'>XXVIIII</span> <span class='ocrx_word' id='word_1_691' title='bbox 1373 3355 1382 3365; x_wconf 74' lang='lat'>²</span> <span class='ocrx_word' id='word_1_692' title='bbox 1406 3355 1473 3389; x_wconf 88' lang='lat' dir='ltr'>Th.</span> <span class='ocrx_word' id='word_1_693' title='bbox 1493 3354 1524 3396; x_wconf 89' lang='lat'>9,</span> <span class='ocrx_word' id='word_1_694' title='bbox 1544 3354 1598 3395; x_wconf 72' lang='grc'>39,</span> <span class='ocrx_word' id='word_1_695' title='bbox 1616 3355 1653 3393; x_wconf 79' lang='grc'>3;</span> <span class='ocrx_word' id='word_1_696' title='bbox 1683 3354 1736 3388; x_wconf 83' lang='lat' dir='ltr'>‘in</span> <span class='ocrx_word' id='word_1_697' title='bbox 1761 3356 1850 3390; x_wconf 75' lang='lat' dir='ltr'>libro</span> <span class='ocrx_word' id='word_1_698' title='bbox 1869 3355 1937 3390; x_wconf 92' lang='lat' dir='ltr'>XI</span> <span class='ocrx_word' id='word_1_699' title='bbox 1953 3354 2200 3390; x_wconf 79' lang='lat' dir='ltr'>theodosianae</span> <span class='ocrx_word' id='word_1_700' title='bbox 2223 3354 2308 3398; x_wconf 72' lang='lat' dir='ltr'>legyis</span> 
     </span>
    </p>
   </div>
   <div class='ocr_carea' id='block_1_10' title="bbox 2201 2942 2303 2946">
    <p class='ocr_par' dir='ltr' id='par_1_19' title="bbox 2201 2942 2303 2946">
     <span class='ocr_line' id='line_1_56' title="bbox 2201 2942 2303 2946; baseline 0 0"><span class='ocrx_word' id='word_1_701' title='bbox 2201 2942 2303 2946; x_wconf 95' lang='lat' dir='ltr'> </span> 
     </span>
    </p>
   </div>
  </div>
 </body>
</html>
