2485 3615
1130 154 1171 158 —
1220 132 1360 166 XXXII
1409 151 1451 157 —

328 243 510 276 natorum.
559 239 682 275 Notae
709 249 848 279 eorum,
882 237 945 282 qni
974 237 1126 271 redeunt
1153 235 1190 269 in
1216 237 1402 280 apparatu
1426 246 1507 270 meo
1533 233 1804 277 Theodosiano,
1836 235 1987 271 eaedem
2017 238 2103 271 sunt
2135 237 2248 278 atque

330 296 520 338 editionis;
547 296 585 331 in
609 295 762 340 reliquis
786 295 922 331 retinui
947 295 1021 330 fere
1047 304 1215 327 numeros
1239 291 1498 327 Haenelianos
1541 292 1582 325 ln
1608 291 1830 335 quibusdam
1855 295 1892 327 et
1917 292 2039 338 plenis
2063 295 2101 328 et
2126 292 2250 327 decur-

329 353 420 389 tatis
455 356 494 389 et
530 353 567 387 in
594 352 810 398 Aegidianis
845 352 1029 396 plerisque
1064 349 1163 385 notis
1196 349 1360 384 abstinui
1397 350 1453 391 (ut
1489 348 1652 384 ostendit
1684 349 1886 385 laterculus
1921 349 2120 393 subiectos)
2151 349 2251 394 ipsos

330 410 470 446 indices
495 422 645 456 ponens.
696 410 747 444 De
773 408 931 454 singulis
956 407 1051 442 infra
1077 406 1152 442 suis
1176 406 1269 442 locis
1294 405 1457 442 breviter
1481 408 1694 451 exponetur.

608 502 648 536 N
673 516 714 530 =
740 499 930 535 Parisinus
954 499 1045 533 4404
1300 495 1483 532 Breviarii
1500 496 1602 542 pleni
1620 497 1802 541 (plerique
1819 498 1906 533 libri
1924 510 2006 533 cuni
2023 510 2045 533 a

621 558 651 593 S
675 573 716 587 =
742 556 931 592 Parisinus
954 555 1044 590 4405
1271 500 1284 599 i
1336 553 1461 599 capite
1479 553 1603 588 mutili
1620 553 1704 595 sint,
1722 557 1765 589 ut
1780 554 2045 597 HOECPML,

610 621 648 650 11
674 630 715 644 =
742 612 930 648 Parisinus
954 612 1046 646 4406
1071 612 1094 646 f.
1114 613 1256 647 57—59
1276 609 1289 709 I
1338 614 1460 646 utrum
1479 610 1679 647 habuerint
1692 610 1906 647 Alariciana
1922 623 2047 653 necne,

612 678 653 707 17
674 687 716 701 ==
741 669 946 705 Vaticanus
971 669 1146 704 Ottobon.
1168 670 1257 704 2225
1339 667 1546 713 ignoratur)

603 734 646 765 24
672 744 714 758 =
739 727 1097 772 Montispessulanus
1124 726 1189 762 136

605 792 648 822 27
671 802 714 815 =
740 784 928 820 Parisinus
951 784 1042 819 4408

605 849 649 879 29
675 858 717 872 ==
743 841 933 877 Parisinus
957 841 1048 876 4410

604 905 649 936 37
675 915 717 929 =
743 899 1007 935 Ambrosianus
1033 898 1070 933 C.
1087 899 1154 933 2ῖὸ
1179 898 1242 932 inf.

605 963 648 994 38
673 973 716 987 =
741 956 930 993 Leidensis
947 956 1051 990 Voss.
1069 968 1103 1000 q.
1121 956 1166 990 47

609 1020 652 1050 39
676 1030 718 1044 =
744 1013 1000 1050 Varsoviensis
1025 1015 1136 1048 antea
1161 1011 1301 1047 Kelleri

607 1077 652 1108 43
679 1088 721 1101 --
746 1070 994 1108 Berolinensis
1019 1083 1052 1115 q.
1074 1070 1139 1105 150

606 1136 650 1164 44
675 1145 718 1158 =
744 1128 933 1164 Parisinus
960 1128 1050 1162 9652
1077 1128 1135 1172 (=
1161 1127 1283 1172 suppl.
1306 1126 1388 1161 Lat.
1411 1126 1490 1169 779)

745 1185 950 1221 Vaticanus
975 1184 1126 1231 reginae
1153 1185 1241 1220 1050

607 1249 649 1279 64
676 1260 718 1273 =
743 1243 862 1279 Berol.
882 1242 1082 1288 Phillipps.
1104 1242 1191 1276 1735
1331 1240 1528 1286 Epitoniae
1554 1242 1727 1277 Monachi

746 1300 936 1336 Leidensis
961 1300 1064 1345 publ.
1082 1311 1115 1344 q.
1138 1299 1202 1334 119

747 1357 938 1394 Leidensis
962 1357 1062 1392 univ.
1083 1357 1149 1391 114

605 1417 653 1451 A¹
683 1431 726 1446 =
751 1415 940 1450 Parisinus
963 1415 1054 1450 4409
1080 1415 1102 1449 f.
1125 1415 1192 1450 144

749 1472 939 1508 Parisinus
964 1473 1055 1508 4416

749 1529 939 1565 Parisinus
964 1530 1055 1564 4417

752 1587 940 1623 Parisinus
963 1587 1054 1622 45⁵·26
1407 1597 1605 1643 Epitoniae
1630 1597 1864 1644 Aegidianae

750 1644 940 1680 Parisinus
964 1644 1056 1678 4633

751 1701 941 1737 Parisinus
966 1702 1057 1736 4696

750 1759 940 1794 Parisinus
965 1770 1068 1793 nour.
1092 1769 1165 1802 aeq.
1191 1758 1275 1792 Lat.
1293 1758 1361 1793 204

751 1816 958 1852 Vaticanus
984 1828 1058 1861 reg.
1085 1816 1150 1851 991

753 1873 1027 1920 Sanpaulianus

1534 955 1716 992 Breviarii
1743 954 1932 991 decurtati

821 2145 855 2187 I.
886 2142 1380 2199 [PRAESCRIPTIO
1409 2141 1785 2197 BREVIARIIJ.

461 2236 781 2281 Praescriptionem
806 2247 880 2271 non
904 2235 1034 2270 habent
1060 2246 1102 2270 επ
1127 2235 1225 2270 libris
1243 2236 1364 2280 plenis
1385 2247 1408 2270 α
1431 2235 1544 2279 capite
1567 2235 1710 2279 inteyris
1736 2235 1828 2277 NA‚·
1859 2234 1986 2269 habent
2009 2244 2075 2269 suo
2099 2234 2170 2269 loeo
2191 2237 2274 2269 ante

349 2295 656 2330 Commonitorium
672 2294 751 2328 libri
773 2294 895 2337 scripti
913 2293 994 2336 cluo,
1022 2292 1127 2327 codeoe
1143 2293 1337 2327 Parisinus
1355 2299 1442 2328 4405
1457 2294 1516 2335 (τ-
1533 2292 1562 2327 S
1573 2303 1650 2327 eum
1667 2292 1750 2327 inde
1765 2292 1942 2336 descripto
1961 2291 2132 2326 Parisino
2150 2293 2275 2335 16001)

345 2363 387 2387 cx
411 2353 527 2396 plenis
557 2356 587 2386 et
619 2352 788 2395 epitomae
814 2350 986 2385 Monaehi
1011 2351 1095 2384 liber
1121 2351 1361 2385 Berolinensis
1385 2351 1674 2394 Phillippsicmus
1697 2361 1733 2384 n.
1755 2354 1834 2385 1735
1859 2350 1918 2393 (=
1937 2355 2001 2394 645
2029 2349 2070 2383 in
2097 2348 2161 2384 hoc
2189 2349 2276 2384 libro

341 2411 455 2454 plura
484 2410 730 2452 evanuerunt).
780 2408 1004 2443 Deeurtatzcs
1032 2408 1387 2451 DIontispessulanus
1412 2413 1472 2443 136
1496 2407 1555 2452 (=
1577 2411 1635 2451 24)
1662 2406 1931 2441 Commonitorio
1956 2406 2152 2451 praemittit
2176 2406 2276 2441 verba

346 2467 428 2501 hinc
460 2470 618 2510 sumpta:
653 2465 691 2500 in
721 2466 791 2500 hoc
824 2477 974 2510 corpore
1007 2464 1218 2500 continetur
1242 2466 1324 2500 tota
1355 2465 1415 2500 lex
1440 2464 1616 2499 Romana.
1668 2463 1755 2497 Post
1782 2462 2097 2498 Commonitorium
2127 2462 2276 2498 eandem

348 2525 508 2559 eoehibent
533 2524 708 2558 decurtati
731 2527 899 2567 quattuor
924 2523 1088 2557 Parisini
1112 2528 1206 2558 4408
1229 2524 1288 2566 (=
1306 2526 1362 2567 27)
1388 2526 1418 2557 et
1443 2527 1528 2557 9652
1553 2522 1611 2566 (=
1630 2522 1700 2565 44),
1729 2521 1970 2556 Berolinensis
1995 2532 2025 2565 q.
2044 2525 2106 2556 150
2127 2521 2187 2564 (=
2204 2522 2274 2564 43),

357 2581 598 2616 Varsovieizsis
625 2581 851 2615 Kellerianus
875 2581 934 2625 (=
952 2585 1012 2624 395
1043 2591 1116 2614 ηοη
1139 2580 1232 2624 vidi,
1264 2580 1346 2615 dedi
1381 2592 1408 2615 r.
1431 2581 1451 2614 l.
1483 2579 1530 2613 ad
1554 2579 1794 2623 Haeneliwn).
1844 2578 1960 2613 Habet
1985 2589 2061 2613 eam
2091 2588 2135 2613 ex
2157 2577 2234 2614 cod.
2251 2577 2282 2613 S

351 2638 549 2673 Gaiaciana
573 2638 678 2672 editio
703 2650 736 2673 α.
754 2643 852 2673 1566.
2038 2652 2042 2654 ·

830 2707 871 2741 In
896 2707 966 2741 hoc
993 2717 1144 2751 corpore
1171 2704 1409 2741 continentur

832 2764 934 2809 leges
959 2763 1036 2798 sive
1062 2763 1205 2808 species
1230 2763 1320 2798 iuris

831 2821 876 2857 (le
901 2821 1162 2856 Theodosiano
1188 2821 1246 2856 vel
1273 2821 1317 2856 de
1343 2820 1496 2856 diversis
1522 2819 1626 2855 libris

834 2879 976 2915 electae
1003 2879 1073 2920 vel,
1101 2878 1198 2914 sicut
1223 2880 1468 2924 praeceptum
1495 2879 1561 2918 est,
1586 2877 1810 2922 explanatae

773 2947 787 2971 5
836 2948 931 2972 anno
957 2936 1063 2970 XXII
1088 2939 1267 2982 regnante
1293 2936 1426 2971 domno
1452 2934 1600 2970 Alarico
1625 2946 1711 2980 rege
1923 2943 1959 2977 p.
1980 2933 2060 2968 Chr.
2077 2937 2141 2969 506

833 2994 1026 3030 ordinante
1053 2993 1132 3029 viro
1157 2993 1311 3030 inlustre
1338 2992 1508 3028 Goiarico
1535 2991 1680 3027 comite.

355 3106 376 3140 2
403 3105 545 3149 species]
573 3119 685 3140 mores
712 3108 836 3150 speties
863 3109 907 3139 :27
997 3106 1018 3139 3
1043 3107 1240 3140 teodosiano
1259 3106 1288 3140 S
1354 3107 1471 3139 alarici
1498 3108 1553 3146 64,
1578 3109 1743 3146 regnante
1768 3103 1886 3136 alarici
1912 3103 1984 3146 regi
2009 3101 2094 3145 (regi
2119 3111 2182 3133 om.
2199 3098 2278 3142 27⁵)

401 3152 458 3184 nel
485 3151 537 3194 de]
565 3154 606 3185 de
633 3156 684 3185 27.
701 3155 752 3186 39.
771 3155 823 3185 43.
842 3157 896 3193 44,
922 3158 955 3185 et
981 3152 1052 3186 Cui.
1154 3152 1177 3185 4
1201 3153 1286 3186 elec·
1355 3155 1406 3193 27,
1437 3155 1602 3194 regnante
1626 3150 1742 3182 alarici
1768 3151 1824 3188 43,
1855 3150 1951 3192 regni
1975 3148 2095 3181 alarici
2117 3148 2168 3180 39.
2186 3149 2231 3178 44

357 3198 423 3239 tac]
450 3199 580 3231 edictae
600 3202 652 3232 27.
671 3203 713 3232 44
784 3197 854 3241 uel]
880 3205 913 3232 et
933 3199 1004 3231 eui.
1069 3197 1284 3242 explanatae]
1355 3197 1376 3230 6
1401 3198 1476 3231 uiro
1502 3197 1644 3229 inlustre
1676 3195 1746 3233 (-tri
1771 3193 1872 3238 Gui.)]
1907 3196 1960 3228 uir
1984 3194 2127 3227 inluster
2154 3193 2206 3224 27.
2224 3192 2276 3224 39.

358 3245 566 3286 exemplatae
579 3248 631 3286 64,
650 3246 825 3288 explanari
840 3247 890 3277 27.
906 3246 958 3278 39.
972 3247 1024 3277 43.
1040 3248 1084 3277 44
1161 3245 1182 3278 5
1200 3243 1285 3288 xxii]
1356 3245 1413 3276 43.
1433 3246 1496 3283 44,
1533 3242 1667 3275 evanuit
1695 3244 1737 3274 64
1829 3238 1991 3283 goiarico]
2019 3238 2062 3280 S,
2099 3237 2277 3282 gotharico

360 3290 397 3330 S,
436 3291 495 3322 xxi
528 3293 579 3322 27.
597 3293 647 3323 39.
666 3293 717 3324 43.
736 3295 796 3331 44,
832 3291 967 3324 evanuit
991 3293 1034 3322 64
1121 3295 1286 3333 regnante
1354 3292 1404 3322 27.
1426 3291 1480 3321 39.
1500 3291 1552 3321 43.
1573 3292 1633 3326 44,
1664 3287 1799 3320 evanuit
1825 3289 1869 3319 64
1942 3287 1979 3318 in
2001 3286 2076 3329 fine
2105 3283 2188 3316 add.
2214 3283 2277 3315 fili-

359 3336 482 3368 ‹lomno
507 3337 635 3369 alarico
660 3334 751 3380 rege]
779 3337 821 3377 S,
855 3361 969 3370 .....
997 3337 1172 3370 riosissimi
1197 3338 1286 3380 regis
1355 3337 1438 3369 citer
1461 3339 1512 3375 0²1,
1539 3335 1686 3367 faliciter
1709 3336 1757 3367 27.
1778 3337 1833 3375 44,
1858 3332 2002 3366 feliciter
2025 3330 2165 3376 explicit
2187 3331 2231 3362 43
