2501 3615
962 170 1003 175 —
1053 146 1212 184 CCCXV
1263 168 1302 174 -

169 254 266 301 quod
292 255 397 290 nobis
422 254 457 289 in
478 252 696 290 collectione
715 253 958 289 decretalium
977 252 1193 288 Britannica
1219 254 1405 288 servatum
1431 253 1530 294 est.¹)
1572 251 1655 286 Mox
1680 249 1942 288 iurisconsulti.
1969 251 2030 295 qui
2057 250 2094 285 iu

171 313 483 349 universitatibus
501 312 680 347 Franciae
700 312 915 353 docuerunt,
940 323 1011 346 non
1029 311 1147 346 solum
1166 310 1354 345 Breviario
1379 310 1443 344 scd
1469 309 1581 344 etiam
1609 309 1644 343 in
1663 309 1741 343 dies
1762 310 1880 354 magis
1899 309 2095 343 Iustiniani

170 370 277 405 libris
313 370 533 405 studuerunt
564 369 758 414 medioque
791 369 938 404 saeculo
972 368 1188 403 duodecimo
1224 368 1280 402 ius
1308 367 1503 402 Iustiniani
1534 378 1632 401 more
1667 367 1885 401 Bononiensi
1918 366 2097 402 traditum

174 428 382 464 doctrinam
400 427 582 463 Breviarii
608 427 758 471 eiusque
780 440 881 461 usum
908 428 1086 462 forensem
1106 425 1274 460 abstulit.
1318 428 1365 460 At
1391 425 1541 471 dignum
1569 426 1634 462 est.
1653 425 1750 468 quod
1773 427 1995 459 memoretur
2011 436 2095 458 non-

171 486 294 521 nullos
320 485 409 520 iuris
436 484 751 520 consuetudinarii
777 483 955 519 Franciae
986 483 1117 518 titulos
1149 483 1225 518 iure
1252 483 1416 517 Romano
1441 481 1623 517 Breviarii
1656 481 1846 527 propiores
1877 494 1954 517 esse.
1985 494 2095 525 quam

171 543 402 579 Iustinianeo
427 547 465 578 et.
491 542 674 588 imprimis
699 542 1001 588 compilationem
1021 541 1111 576 iuris
1130 541 1340 583 Tolosaui2)
1367 553 1386 575 a
1406 552 1491 585 rege
1510 539 1687 585 Philippo
1713 539 1960 584 approbatam
1988 551 2095 573 aumo-

169 613 241 646 que
271 602 358 636 1286
383 601 676 646 promulgatam,
710 604 751 635 ut
778 603 818 636 A.
839 600 1020 635 Tardifius
1046 599 1188 634 docuit.
1222 598 1391 643 pluribus
1417 610 1527 642 qnam
1553 597 1748 643 sexaginta
1774 596 1943 632 articulis
1968 597 2014 631 ad
2039 597 2095 631 ius

169 659 536 695 Anteiustinianeum
555 659 649 704 legis
669 659 856 695 Romanae
875 658 1156 703 visigothorum
1175 656 1326 701 eiusque
1347 657 1383 691 in
1403 656 1572 701 partibus
1590 655 1736 691 Galliae
1753 655 2096 690 transformationes

170 717 399 762 respicere⁵)‚
425 729 578 761 quorum
605 717 792 753 nonnulla.
820 727 914 760 quae
940 715 987 750 ad
1018 714 1247 750 Breviarium
1272 717 1456 759 spectant.
1482 714 1551 748 hoc
1578 714 1657 748 loco
1684 724 1887 758 apponam:

448 794 523 827 Art.
542 792 587 825 432)
613 791 674 825 cfr.
701 791 760 825 Br.
780 790 884 825 Paul.
903 789 946 831 V,
966 791 997 832 5,
1016 789 1048 824 2.

477 879 490 891 ,,
543 851 586 885 76
612 850 675 884 cfr.
696 849 752 883 ΒΓ.
773 847 842 883 Gai
869 848 914 889 ΙΙ,
933 850 964 885 9,
982 849 1015 882 2.

478 936 491 950 „
543 908 597 943 88.
627 907 701 945 113,
729 907 804 946 114,
834 907 898 940 116
924 905 986 940 cfr.
1014 905 1072 940 ΒΓ.
1092 905 1161 940 Th.
1181 905 1243 946 111,
1266 905 1316 946 13,
1336 906 1357 939 3
1386 908 1425 940 et
1450 905 1516 940 int.

479 993 491 1007 „
523 966 581 999 121
612 964 674 999 cfr.
700 963 760 998 Br.
781 962 884 997 Paul.
905 963 950 1004 II,
968 963 1023 1002 26,
1041 964 1074 997 4.

478 1052 491 1065 ,,
522 1023 586 1057 124
612 1022 675 1057 cfr.
700 1021 758 1056 Br.
777 1020 862 1055 Gaii
888 1020 933 1061 ΙΙ,
952 1021 984 1062 8,
1003 1021 1024 1055 3
1050 1022 1088 1055 et
1114 1020 1170 1054 Br.
1195 1020 1300 1055 Paul.
1322 1020 1382 1063 IV,
1401 1021 1432 1061 8,
1453 1021 1469 1054 1
1497 1020 1564 1055 int.
1592 1021 1629 1055 in
1656 1033 1708 1065 pr.

285 1102 441 1148 Saepius
466 1102 564 1136 inter
581 1101 748 1137 homines
765 1101 893 1136 doctos
911 1100 1082 1145 quaestio
1107 1103 1188 1136 orta
1215 1103 1282 1142 est,
1310 1100 1442 1145 quanti
1467 1100 1644 1136 momenti
1663 1101 1893 1135 Breviarium
1918 1101 2096 1137 ecclesiae

171 1159 382 1196 catholicae
408 1159 444 1194 in
471 1170 584 1205 regno
609 1159 832 1194 Francorum
858 1159 1015 1202 fueritst)
1067 1157 1157 1193 Cum
1184 1170 1269 1193 vero
1289 1158 1470 1193 Conratus
1495 1158 1532 1192 in
1557 1159 1715 1194 secundo
1740 1158 1918 1194 historiae
1944 1158 2100 1193 fontium

171 1220 210 1253 et
238 1216 460 1262 scriptorum
493 1216 584 1251 iuris
608 1216 766 1251 Romani
796 1215 911 1252 medii
943 1215 1027 1251 aevi
1062 1215 1249 1251 volumine
1281 1227 1363 1251 eam
1392 1228 1470 1251 rem
1500 1215 1648 1251 uberius
1674 1219 1902 1252 tractaturus
1933 1216 1998 1258 sit,
2030 1217 2099 1251 hoc

171 1275 253 1310 loco
278 1285 400 1320 pauca
424 1276 571 1309 tantum
590 1274 764 1308 adferam.
808 1273 988 1309 Breviarii
1018 1273 1240 1319 praesertim
1258 1273 1353 1309 liber
1372 1273 1534 1309 decimus
1559 1276 1683 1309 sextus
1701 1273 1947 1309 Theodosiani
1973 1274 2019 1308 ad
2044 1286 2100 1309 res

171 1332 351 1368 ecclesiae
384 1334 542 1378 spectat.
598 1332 726 1367 Plures
765 1331 1053 1367 constitutiones
1087 1335 1124 1367 et
1156 1331 1358 1378 privilegia
1389 1343 1501 1376 quam
1533 1331 1596 1367 lex
1630 1332 1795 1366 Romana
1820 1331 2099 1376 Visigothorum

172 1389 450 1425 Theodosianus
475 1389 657 1435 genuinus
685 1393 723 1425 et
748 1389 932 1425 Novellae
962 1389 1143 1425 ecclesiae
1175 1389 1366 1424 dederunt.
1416 1388 1558 1429 Quibus
1583 1389 1740 1424 ecclesia
1765 1389 1842 1423 illis
1873 1389 2100 1434 temporibus

173 1446 287 1483 etiam
311 1447 350 1482 in
374 1459 488 1493 regno
505 1447 730 1482 Francorum
751 1451 906 1493 praeter
921 1447 1154 1482 Breviarium
1180 1447 1367 1488 utebatur,
1393 1457 1619 1491 quamquam
1637 1446 1921 1481 constitut-iones
1946 1446 2101 1491 impera-

172 1507 292 1540 torum
319 1505 584 1547 Romanorum,
616 1517 711 1550 quae
737 1505 934 1541 Breviario
959 1517 1031 1541 non
1056 1505 1220 1541 insertae
1247 1505 1368 1545 erant,
1400 1504 1456 1538 ita
1486 1505 1528 1538 ut
1553 1503 1832 1539 Theodosianus
1857 1504 2038 1549 genuinus
2063 1507 2101 1540 et

171 1563 354 1599 Novellae
371 1563 510 1600 ibidem
528 1563 566 1598 in
584 1564 662 1599 foro
681 1563 867 1600 saeculari
887 1564 1159 1599 obsoleverunt.
1201 1562 1390 1597 Ecclesiae
1417 1561 1499 1596 usui
1524 1561 1710 1606 epitomae
1736 1561 1823 1596 libri
1849 1562 1981 1597 decimi
2006 1563 2101 1598 sexti

172 1621 424 1656 Theodosiani
441 1621 565 1657 factae
582 1633 724 1657 necnon
741 1620 924 1657 Breviarii
942 1621 1086 1657 codices
1105 1619 1308 1665 conscripti
1335 1622 1429 1661 sunt,
1456 1619 1520 1664 qui
1538 1619 1757 1664 praesertim
1784 1619 1822 1654 in
1844 1619 1939 1654 libro
1958 1619 2099 1655 decimo

172 1681 276 1714 sexto
308 1678 558 1714 Theodosiani
590 1679 701 1714 variis
733 1691 777 1715 ex
809 1679 971 1725 genuino
1003 1677 1336 1714 constitutionibus
1369 1677 1603 1723 augebantur
1637 1677 1685 1712 ad
1717 1676 1917 1723 privilegia
1951 1680 1989 1712 et
2021 1677 2101 1712 iura

173 1736 411 1773 ecclesiarum
437 1737 706 1782 spectantibus,
749 1737 910 1777 Quorum
938 1736 976 1777 L,
1000 1736 1039 1779 E,
1063 1736 1092 1771 O
1119 1735 1355 1781 epitomeque
1383 1734 1521 1770 codicis
1546 1734 1705 1770 Parisini
1732 1735 1852 1780 suppl.
1873 1737 1940 1770 215
1965 1735 2012 1769 ad
2036 1747 2101 1770 nos

173 1798 432 1840 pervenerunt.
477 1795 547 1830 Sed
565 1794 679 1830 etiam
697 1794 738 1836 A,
766 1806 992 1839 quamquam
1015 1793 1063 1836 id,
1089 1793 1187 1838 quod
1213 1795 1400 1829 servatum
1427 1795 1494 1836 est,
1520 1791 1657 1827 librum
1676 1792 1762 1826 XVI
1782 1804 1853 1827 non
1874 1792 2100 1837 complectit,

172 1852 211 1887 in
235 1852 358 1888 indice
381 1852 613 1887 rubricarum
643 1853 737 1888 haec
771 1852 1031 1888 additamenta
1055 1851 1234 1887 ostendit.
1284 1851 1438 1886 Praeter
1463 1850 1645 1894 quaedam
1672 1850 1882 1895 fragmenta
1913 1850 1988 1884 alio
2020 1850 2100 1884 loco

173 1910 378 1946 enarranda
402 1912 550 1946 tantum
576 1910 714 1945 librum
741 1910 927 1945 decimum
953 1912 1097 1945 sextum
1122 1921 1166 1945 ex
1192 1908 1353 1954 genuino
1385 1910 1535 1943 auctum
1561 1907 1706 1943 codices
1732 1907 1764 1941 Y
1791 1909 1827 1942 et
1854 1907 1884 1941 D
1911 1907 2100 1952 praebent.

173 1968 341 2014 Denique
366 1968 548 2009 ecclesiae
575 1967 613 2002 in
638 1980 706 2002 usu
734 1968 977 2003 collectiones
1004 1966 1312 2002 constitutionum
1338 1964 1679 2000 Sirmondianarum
1704 1968 1818 2000 erant.

288 2025 465 2072 Episcopi
490 2028 673 2071 quatenus
708 2025 746 2060 in
781 2025 932 2060 iudiciis
966 2024 1232 2061 ecclesiasticis
1265 2022 1558 2058 iurisdictionem
1590 2023 1776 2067 quandam
1809 2023 1853 2058 de
1886 2022 2029 2057 clericis
2065 2024 2102 2057 et

173 2084 282 2120 laicis
306 2084 540 2126 exercebant,
566 2086 718 2129 praeter
745 2085 892 2118 statuta
911 2095 1091 2118 canonum
1108 2082 1328 2128 praesertim
1354 2081 1475 2126 legem
1494 2081 1697 2116 Romanam
1717 2080 1948 2115 adhibebant
1974 2080 2101 2124 itaque

173 2155 239 2189 per
255 2144 383 2188 partes
399 2142 504 2188 regni
524 2142 748 2177 Francorum
771 2141 964 2176 Breviario
990 2140 1142 2185 eiusque
1169 2139 1353 2185 epitomis,
1380 2151 1533 2184 quorum
1558 2139 1757 2174 nonnullae
1782 2138 1900 2183 ipsius
1925 2137 2101 2173 ecclesiae

172 2199 256 2235 usui
280 2200 404 2236 factae
429 2202 531 2243 sunt,
561 2199 793 2235 nitebantur.
843 2200 885 2233 In
910 2199 1020 2234 rebus
1044 2198 1162 2234 forum
1188 2198 1376 2234 saeculare
1403 2196 1678 2243 attingentibus
1702 2195 1841 2241 singuli
1868 2195 2003 2236 clerici,
2031 2195 2101 2229 uisi

173 2258 237 2303 qui
262 2257 406 2304 origine
431 2256 590 2292 Romani
614 2256 782 2299 fuissent,
808 2256 886 2291 iure
905 2256 1077 2292 Romano
1104 2268 1176 2291 non
1205 2255 1399 2295 vivebant;
1425 2254 1605 2290 ecclesiae
1631 2253 1747 2299 ipsius
1772 2265 1828 2288 res
1855 2265 1938 2288 vero
1964 2252 2101 2288 ibidem

173 2315 252 2351 iure
270 2315 435 2350 Romano
452 2314 724 2356 tractabantur,
752 2326 835 2349 cum
859 2325 904 2349 ea
929 2326 973 2350 ex
992 2314 1241 2349 Romanorum
1268 2313 1424 2358 imperio
1443 2313 1490 2348 ad
1509 2313 1666 2347 Francos
1685 2311 1924 2357 pervenisset.
1967 2311 2102 2345 Contra

174 2372 263 2408 illae
293 2372 490 2414 ecclesiae,
528 2383 623 2416 quae
656 2372 695 2406 in
726 2372 878 2407 mundio
909 2372 1008 2418 regis
1040 2372 1100 2407 vel
1136 2370 1301 2417 potentis
1333 2370 1525 2406 cuiusdam
1556 2370 1726 2411 stabant,
1765 2368 1843 2404 iure
1881 2368 2102 2414 protectoris

174 2430 397 2474 vivebant.⁵)

290 2487 457 2523 Concilia
474 2487 620 2524 Galliae
645 2487 684 2522 in
709 2487 946 2523 conficiendis
974 2487 1178 2523 canonibus
1202 2487 1322 2522 multa
1347 2486 1558 2532 fragmenta
1575 2484 1758 2521 Breviarii
1784 2484 1934 2528 eiusque
1960 2483 2103 2518 addita<

173 2548 381 2581 mentorum
405 2545 588 2590 imprimis
616 2557 659 2581 ex
684 2545 780 2581 libro
809 2545 952 2580 decimo
978 2548 1081 2581 sexto
1107 2544 1356 2581 Theodosiani
1381 2543 1518 2589 integri
1544 2542 1783 2588 assumpsisse
1807 2541 1945 2577 nemini
1971 2541 2102 2575 mirum

174 2606 242 2640 est.
291 2603 449 2638 Tabella
479 2602 591 2637 huius
623 2602 678 2637 rei
703 2614 829 2648 pauca
855 2603 1029 2648 exempla
1060 2603 1213 2638 adferet.
1263 2601 1363 2642 Quae
1391 2613 1475 2637 vero
1505 2601 1702 2646 scriptores
1732 2611 1853 2634 rerum
1879 2598 2101 2635 ecclesiasti-

175 2673 301 2697 carum
326 2673 373 2698 ex-
395 2660 585 2696 Breviario
610 2661 786 2704 habeant,
813 2661 888 2696 allo
913 2661 995 2696 loco
1022 2660 1400 2696 commemorabimus

864 2752 1030 2788 Concilia
1055 2752 1139 2787 aevi
1163 2751 1420 2798 Merovingici.

291 2822 498 2859 Concilium
523 2822 794 2858 Aurelianense
822 2833 854 2857 a.
872 2821 940 2856 533
967 2821 1162 2866 [Maassen,
1188 2819 1355 2856 Concilia
1378 2820 1406 2862 I,
1425 2821 1465 2855 61
1483 2819 1560 2864 sq.].

222 2893 253 2917 c.
271 2881 324 2916 XI
349 2881 413 2916 cfr.
437 2881 497 2915 Br.
515 2880 621 2916 Paul.
639 2880 685 2922 II,
703 2881 758 2922 20,
777 2880 797 2914 4
823 2878 890 2914 int.

294 2997 320 3040 ¹)
347 2998 488 3038 Conrat,
518 2998 588 3030 Der
611 2997 830 3030 Pandekten-
860 2996 931 3030 und
958 2996 1371 3038 Institutionen—Auszug
1400 2995 1459 3027 der
1488 2993 1674 3026 britischen
1700 2992 2101 3035 Dekretalensammlung

177 3044 229 3077 als
254 3044 375 3086 Quelle
396 3044 455 3078 des
479 3045 540 3077 Ivo
568 3042 685 3086 (1887)
713 3055 744 3087 p.
765 3044 786 3075 f>
811 3049 844 3076 et
872 3041 912 3075 13
925 3054 992 3085 sq.;
1027 3043 1153 3075 Conrat
1178 3043 1192 3073 I
1218 3054 1248 3085 p.
1270 3041 1310 3074 77
1325 3053 1373 3084 sq.
1400 3048 1433 3074 et
1457 3040 1524 3073 378
1538 3052 1607 3082 sq.;
1642 3039 1862 3071 P.Four11ier
1887 3039 1920 3070 iu
1947 3040 2035 3072 Bibl.
2060 3040 2101 3072 de

175 3090 294 3124 l'eoole
318 3091 377 3123 des
400 3091 536 3124 chartes
560 3091 655 3123 LVII
678 3094 712 3122 et
738 3090 846 3122 LVIII
871 3090 1008 3132 passim.

294 3146 321 3189 ²)
346 3148 388 3180 A.
405 3147 534 3187 Tardis,
560 3147 746 3180 Contumes
771 3147 812 3180 de
837 3146 1010 3179 Toulouse
1036 3144 1164 3188 (1884).

178 3252 205 3286 c
295 3205 536 3284 ²⁸)IA59TaJdif⁷
561 3206 611 3238 Le
636 3206 724 3238 droit
748 3205 844 3248 prive
867 3209 931 3238 etc.
957 3203 1012 3237 43.
1037 3203 1092 3237 63.
1111 3203 1164 3237 78.
1189 3202 1242 3237 82.
1268 3202 1320 3236 95.
1344 3201 1424 3244 101;
1450 3203 1537 3235 idem
1562 3202 1631 3234 ΟΒ.
1658 3199 1724 3233 136
1748 3206 1781 3233 et
1808 3199 1874 3233 190
1898 3206 1931 3234 et
1955 3198 2022 3233 402
2036 3212 2101 3243 sq.;

205 3259 304 3286 onrat
345 3277 353 3293 ,
417 3277 424 3284 .
907 3272 910 3274 ,

293 3309 323 3351 ⁴)
348 3309 503 3352 Loening
528 3310 553 3348 1,
572 3307 641 3342 520
653 3319 714 3351 sq.·
730 3310 772 3350 11,
790 3307 834 3342 36
847 3320 884 3351 sq
909 3321 916 3347 ;
947 3309 1074 3341 Conrat
1099 3310 1123 3348 Ι,
1142 3308 1163 3341 5
1177 3319 1225 3350 sq.
1254 3306 1318 3340 145
1333 3319 1381 3349 sq.
1407 3305 1474 3339 218
1488 3318 1537 3348 sq.
1562 3304 1630 3338 252
1644 3317 1712 3347 sq.;
1749 3305 1886 3337 Halban
1913 3305 1954 3344 II,
1973 3302 2039 3335 348
2052 3315 2100 3346 sq.

295 3367 322 3410 ⁵)
347 3367 503 3410 Loening
526 3368 569 3406 ΙΙ,
587 3364 654 3399 286
664 3377 732 3409 sq.;
758 3367 913 3398 Brunner
938 3367 963 3406 I,
982 3365 1048 3398 269
1063 3377 1132 3408 sq.;
1158 3366 1286 3398 Courat
1312 3366 1337 3406 1,
1354 3364 1396 3396 41
1412 3375 1483 3406 sq.;
1509 3362 1718 3395 Schroeder⁴
1743 3360 1861 3394 23010.

1775 3440 1796 3463 U
1809 3441 1825 3459 ⁹5

2136 538 2336 579 Compae'latio

2194 584 2280 616 iuris

2149 630 2318 662 Toloscmi.

2154 1111 2327 1143 Breriarii

2202 1169 2283 1189 usus

2136 1205 2170 1236 iu
2196 1204 2345 1236 ccclesia.

2156 2494 2308 2525 Concilc'a

2153 2542 2302 2574 Galliae.
