2501 3615
173 219 297 257 nensis
322 221 468 269 fuitque
493 223 524 260 is
549 224 645 262 liber
669 227 850 266 ecclesiae
876 230 1133 277 Lugdunensis
1158 238 1359 281 antequam
1384 238 1506 274 factus
1530 242 1587 276 est
1612 239 1930 281 Claromontanus
1978 246 2103 284 Etiam

174 279 351 314 breviarii
375 281 581 317 Alariciani
607 284 752 322 codices
778 287 849 323 duo
876 301 947 325 non
974 291 1123 334 virtute,
1150 293 1214 329 sed
1240 297 1365 332 aetate
1390 296 1570 342 primarii,
1600 299 1696 335 alter
1720 301 1831 337 hodie
1856 303 2103 342 Berolinensis

174 336 474 383 Phillippsianus
495 341 592 382 1761,
619 343 715 378 alter
732 345 820 381 olim
836 346 1166 396 wirceburgensis,
1193 352 1267 387 iam
1284 353 1516 390 Monacensis
1533 356 1643 392 22501
1671 358 1719 394 ad
1744 360 1899 396 eandem
1924 362 2102 409 originem

173 393 251 430 iure
289 397 578 440 revocabuntur;
618 401 730 445 priori
768 403 866 438 enim
903 404 1121 451 inscriptum
1155 412 1211 444 est
1243 411 1436 456 e(cclesiae)
1467 412 1771 461 Isuydfflnensis),
1810 419 1993 462 posterior
2025 422 2103 457 eius

173 452 353 497 gemellus
379 466 422 489 ex
447 456 577 491 eadem
603 458 730 494 schola
756 461 1011 505 proficiscatur
1035 476 1183 502 necesse
1209 470 1275 503 est.

289 510 459 556 Quinque
489 515 757 560 exemplarium
789 518 1037 556 Theodosiani
1068 521 1204 569 integri
1242 529 1368 570 partes
1403 528 1488 573 plus
1520 529 1640 566 minus
1670 532 1817 578 amplae
1849 534 1894 569 ad
1928 547 1993 571 nos
2023 549 2102 582 per-

173 571 366 609 venerunt;
402 581 446 605 ea
476 573 561 606 sunt.
586 572 693 609 haec:
727 575 951 612 Tauriuense
977 578 1039 622 (T)
1065 579 1206 616 habens
1231 583 1440 628 fragmenta
1471 590 1509 622 et
1540 599 1583 623 ex
1610 590 1821 633 praemissis
1852 595 1890 628 et
1927 604 1971 628 ex
1996 594 2101 630 libris

171 623 340 660 omnibus
358 627 525 672 exeeptis
543 629 662 665 tribus
680 631 775 674 (Vll.
796 633 878 670 XII.
896 635 995 678 XV);
1024 637 1230 673 Parisinum
1247 641 1338 675 9643
1356 642 1426 688 (R)
1453 644 1592 680 habens
1616 646 1730 682 libros
1748 650 1821 685 tres
1839 650 1899 685 VI.
1917 651 1995 687 VII.
2011 652 2099 688 VIII

169 680 244 717 fere
269 681 449 729 integros;
478 684 703 723 Vaticanum
728 690 878 736 reginae
895 692 962 727 886
980 693 1048 738 (V)
1073 694 1214 730 habens
1240 697 1402 744 integros
1428 700 1502 736 fere
1528 702 1642 738 libros
1659 704 1920 750 VIIII—XVI;
1947 709 2100 746 Halber-

169 738 356 776 stadiense
389 741 530 779 habens
562 745 719 782 lacinias
753 749 984 793 pertinentes
1015 752 1063 786 ad
1093 752 1116 788 l.
1141 753 1221 788 XII.
1246 755 1370 797 XIIII;
1398 758 1622 795 Vaticanum
1654 762 1744 797 5766
1781 764 1968 801 adiunctis
2001 767 2100 803 foliis

169 795 289 832 tribus
314 797 606 837 Taurinensibus
631 804 718 848 (W)
749 808 875 850 partes
906 807 1046 844 habens
1077 810 1253 847 librorum
1287 813 1400 849 trium
1432 820 1708 861 postremorum.
1758 821 1836 857 Hoc
1869 824 1995 860 ordine
2026 825 2099 861 iam

168 854 454 898 enarrabuntur;
489 859 553 894 sed
577 872 672 905 quae
704 861 801 898 inter
831 875 875 899 ea
901 865 1052 901 conexio
1084 868 1255 905 obtineat
1280 882 1463 917 quamque
1490 874 1598 910 fidem
1623 876 1771 923 singula
1795 884 2021 924 mereantur,
2055 884 2099 920 de

168 922 212 946 ea
237 923 275 948 re
301 913 332 948 si
349 926 423 959 qua
449 915 523 951 dici
550 921 714 962 possunt,
740 931 784 955 ea
810 920 848 955 in
874 922 998 968 capite
1025 927 1157 961 octavo
1184 927 1228 962 de
1255 928 1338 963 crisi
1364 930 1542 967 librorum
1567 933 1788 979 scriptorum
1807 937 2097 977 collocabuntur.

166 967 220 1003 De
246 970 558 1018 orthographicis,
585 975 676 1011 item
701 976 745 1012 de
762 979 991 1023 compendiis
1009 993 1103 1026 quae
1130 983 1287 1020 dicenda
1311 990 1406 1027 sunt,
1432 987 1529 1024 infra
1553 990 1678 1036 capite
1701 1005 1796 1029 nono
1815 997 2096 1042 composuimus,

283 1028 522 1066 Taurinensis
548 1032 802 1070 bibliothecae
828 1037 1004 1082 publicae
1031 1040 1160 1084 codex,
1193 1042 1362 1089 signatus
1388 1057 1410 1080 a
1436 1046 1516 1088 11,2
1542 1050 1599 1091 (=
1625 1048 1767 1086 Haenel
1797 1053 1844 1096 1),
1871 1054 1959 1098 quin
1986 1055 2099 1091 fuerit
2151 1061 2184 1094 T

167 1083 255 1119 olim
272 1085 468 1123 Bobiensis
485 1091 711 1135 monasterii,
738 1093 890 1129 dubium
910 1107 981 1131 non
999 1100 1066 1140 est,
1084 1110 1309 1145 quamquam
1329 1102 1541 1140 coniectura
1566 1106 1644 1142 sola
1670 1107 1707 1142 id
1725 1111 1937 1147 enuntiavit
1955 1113 2096 1158 Peyron

165 1141 368 1186 (Ciceronis
401 1148 493 1181 orat.
520 1148 609 1184 1824
639 1161 674 1195 p.
690 1150 865 1198 XXVIII)
899 1166 966 1189 nec
996 1156 1181 1201 reperitur
1207 1158 1244 1193 in
1270 1160 1443 1207 catalogo
1475 1163 1642 1199 codicum
1668 1177 1700 1201 a.
1727 1168 1856 1213 1461.¹)
1906 1170 2098 1216 Scriptura

165 1200 349 1244 posterior
378 1204 518 1239 saeculi
543 1205 615 1240 VII
640 1208 699 1243 vel
722 1208 812 1244 VIII
843 1211 1029 1249 continuit
1061 1214 1146 1249 Iulii
1168 1215 1309 1252 Valerii
1341 1218 1499 1254 Polemii
1531 1233 1652 1257 rerum
1683 1228 1871 1269 gestarum
1897 1228 2097 1264 Alexandri

167 1256 380 1294 Macedonis
397 1260 512 1297 libros
530 1265 615 1306 tres,
634 1277 789 1310 quorum
808 1268 929 1305 editor
946 1273 1153 1316 postremus
1167 1273 1330 1319 (Lipsiae
1347 1276 1449 1320 1888)
1467 1278 1675 1315 Bernardus
1692 1281 1855 1319 Kuebler
1872 1285 1941 1320 hoc
1960 1286 2095 1329 codice,

164 1317 348 1358 quatenus
368 1316 571 1356 Valeriana
601 1322 723 1359 adhuc
754 1325 830 1371 legi
865 1330 1020 1372 possunt
1046 1330 1204 1372 (venena
1230 1331 1328 1367 enim
1358 1334 1531 1371 adhibita
1561 1337 1608 1371 ad
1637 1340 1781 1374 textum
1810 1341 1970 1386 priorem
1999 1356 2097 1379 resu-

166 1370 378 1409 scitandum
411 1375 584 1413 delerunt
614 1392 752 1428 magna
785 1394 829 1418 ex
860 1386 968 1429 parte
995 1387 1250 1433 posteriorem)
1277 1389 1562 1436 diligentissime
1596 1406 1682 1430 usus
1713 1399 1778 1432 est.
1829 1398 2095 1439 Quaterniones

165 1427 358 1466 Valeriani
383 1433 410 1468 1.
434 1434 482 1470 II.
509 1436 573 1471 ΙΙΙ.
599 1437 681 1473 ΙΠΙ.
700 1439 742 1474 V.
761 1439 822 1475 VI.
841 1441 929 1476 VIII
955 1443 1150 1489 (septimus
1175 1446 1289 1491 periit
1315 1450 1431 1493 totus)
1457 1462 1528 1485 non
1555 1450 1693 1498 integri
1718 1454 1856 1491 formae
1881 1459 2094 1495 octonariae

164 1486 289 1524 effecti
317 1493 403 1527 sunt
436 1502 480 1527 ex
511 1492 612 1529 foliis
637 1495 775 1534 formae
801 1501 1063 1543 quaternariae
1089 1503 1341 1550 quadraginta
1365 1506 1500 1551 tribus,
1533 1521 1686 1553 quorum
1713 1513 1896 1557 quaedam
1921 1515 2094 1553 adhibita

162 1547 249 1581 sunt
272 1545 481 1592 dimidiata,
506 1550 651 1596 reliqua
676 1555 828 1591 resectis
852 1557 1084 1603 marginibus
1108 1561 1295 1598 mutilata.
1336 1563 1471 1600 Eorum
1494 1567 1751 1615 undetriginta
1761 1571 1786 1615 ²)
1803 1573 1970 1617 repperit
1986 1574 2094 1610 Ama-

162 1601 252 1638 deus
274 1603 419 1650 Peyron
444 1607 635 1653 ediditque
660 1612 769 1648 modo
795 1613 953 1657 (scilicet
979 1616 1018 1651 in
1043 1617 1144 1652 foliis
1169 1618 1266 1655 infra
1293 1623 1518 1659 enumeratis
1545 1625 1573 1659 1.
1590 1625 1622 1660 2.
1637 1627 1667 1660 5.
1683 1627 1805 1664 7—16.
1824 1630 1903 1674 178)
1930 1631 2093 1668 codicem

161 1661 412 1707 exemplatus,
442 1665 550 1701 modo
578 1668 682 1704 varia
711 1669 872 1708 lectione
904 1673 952 1708 ad
982 1674 1184 1712 editionem
1211 1676 1429 1715 Gothofredi
1461 1685 1616 1718 enotata
1640 1695 1672 1719 a.
1690 1685 1778 1720 1823
1811 1686 1850 1721 in
1882 1688 1978 1724 actis
2011 1701 2093 1725 aca-

161 1716 305 1754 demiae
330 1719 568 1759 Taurinensis
592 1726 766 1769 (memorie
791 1729 1083 1767 dell’Accademia
1107 1734 1146 1768 di
1167 1735 1198 1769 T
1195 1737 1308 1780 orino,
1333 1738 1439 1773 classe
1463 1739 1502 1773 di
1525 1741 1654 1777 seieme
1678 1743 1747 1778 vol.
1763 1744 1807 1778 23
1830 1757 1866 1790 p.
1883 1746 2091 1793 137—330).

163 1773 472 1814 Quattuordecim
491 1781 636 1827 reliqua
655 1784 814 1829 (scilicet
839 1799 892 1830 ea,
919 1789 1054 1834 quibus
1079 1790 1175 1827 infra
1200 1792 1238 1827 in
1256 1794 1409 1831 elencho
1427 1796 1595 1834 litteram
1617 1800 1650 1834 V
1665 1802 1985 1849 praescripsimus)
2004 1817 2090 1841 casu

163 1832 325 1876 quodam
349 1837 514 1881 seposita
540 1850 562 1874 a
579 1840 746 1886 Peyrono
771 1855 867 1880 anno
888 1846 976 1882 1836
1000 1849 1168 1894 repperit
1186 1850 1338 1887 Carolus
1356 1853 1474 1889 Baudi
1499 1867 1521 1891 a
1539 1856 1671 1894 Vesme
1697 1861 1735 1895 et
1759 1863 1837 1896 tam
1863 1862 1955 1898 haec
1978 1875 2090 1908 quam

159 1891 274 1926 antea
299 1895 390 1928 nota
414 1894 701 1941 diligentissime
726 1904 764 1936 et
789 1903 1014 1947 peritissime
1039 1908 1268 1954 recognovit.
1317 1911 1558 1958 Apographis
1588 1915 1646 1950 his
1680 1919 1718 1952 et
1743 1917 1822 1963 ipse
1853 1932 1939 1956 usus
1965 1923 2021 1957 est
2051 1922 2090 1956 in

159 1946 324 1985 editione
348 1949 542 1996 inchoata,
569 1966 664 2000 quae
689 1959 862 2003 pervenit
890 1962 938 1996 ad
964 1963 1031 1998 Th.
1052 1965 1085 2006 4,
1102 1966 1156 2008 22,
1169 1967 1201 2008 4,
1228 1969 1267 2002 et
1292 1980 1366 2012 qua
1391 1972 1472 2005 erat
1496 1970 1726 2010 liberalitate
1753 1975 1876 2011 omnia
1901 1977 2089 2024 descripta

162 2007 453 2045 communicavit
483 2011 644 2057 primum
678 2027 761 2051 cum
790 2018 989 2063 Haenelio‚
1024 2022 1156 2059 deinde
1193 2036 1275 2059 cum
1306 2026 1423 2062 Paulo
1453 2028 1642 2075 Kruegero
1677 2032 1798 2077 operis
1832 2035 1947 2070 nostri
1978 2037 2087 2073 socio.

159 2061 230 2098 Hic
254 2063 386 2102 deinde
419 2067 511 2104 folia
535 2070 611 2106 tria
635 2076 673 2108 et
699 2075 965 2123 quadraginta,
991 2091 1087 2124 quae
1117 2082 1248 2127 paucis
1273 2084 1365 2119 locis
1391 2087 1572 2131 exceptis,
1608 2090 1776 2135 exceptis
1808 2091 1900 2128 item
1930 2095 2088 2130 rubricis

161 2120 349 2167 plerisque
366 2127 500 2171 utpote
517 2128 633 2166 minio
656 2132 816 2178 seriptis,
840 2138 940 2172 recte
966 2140 1004 2173 et
1021 2138 1130 2183 plene
1148 2140 1332 2186 leguntur,
1359 2142 1526 2190 Krueger
1540 2147 1735 2193 recognita
1759 2161 1791 2184 a.
1809 2150 1897 2186 1868
1915 2154 1952 2187 et
1970 2152 2087 2189 denuo

160 2189 193 2213 a.
212 2179 301 2215 1878
326 2182 373 2217 ad
398 2182 521 2229 ipsum
553 2187 719 2225 codicem
751 2193 899 2239 egregie
931 2196 1114 2240 expressit
1140 2209 1171 2233 a.
1189 2199 1276 2234 1879
1301 2199 1339 2234 in
1365 2201 1460 2236 actis
1484 2203 1688 2240 maioribus
1713 2207 1926 2245 academiae
1950 2210 2087 2246 Beroli—

157 2236 282 2272 nensis
309 2237 577 2288 (philologische
606 2247 687 2281 und
715 2248 915 2286 historische
939 2253 1232 2299 Abhandlunyen
1261 2256 1325 2291 der
1347 2258 1396 2293 K.
1415 2258 1606 2296 Akademie
1630 2262 1690 2297 der
1716 2264 2016 2310 Wissensehasten
2043 2280 2088 2303 zu

158 2293 284 2330 Berlin
317 2308 350 2332 a.
377 2298 482 2335 1879:
518 2302 669 2339 ‘codicis
706 2306 956 2344 Theodosiani
992 2311 1203 2357 fragmenta
1236 2314 1518 2363 Taurinensia’).
1574 2319 1789 2365 Scripturae
1825 2324 2012 2369 specimen
2049 2329 2087 2362 et

161 2351 332 2390 Vesmius
364 2357 511 2394 addidit
536 2361 613 2404 (fol.
632 2363 652 2397 6
677 2367 716 2400 et
741 2365 775 2409 7)
806 2369 844 2402 et
869 2367 1048 2404 dederunt
1072 2370 1146 2414 (fol.
1166 2372 1226 2416 2V)
1253 2372 1551 2420 photographice
1581 2378 1721 2413 factum
1746 2380 2020 2427 Zangemeister
2049 2387 2086 2420 et

157 2409 414 2449 wattenbach
438 2419 692 2464 exemplorum
723 2423 891 2459 codicum
917 2425 1133 2462 Latinorum
1162 2429 1295 2465 tabula
1320 2431 1374 2466 25.
1400 2451 1445 2457 -
1471 2433 1634 2480 Paginae
1666 2437 1865 2482 pleraeque
1894 2442 1979 2476 sunt
2011 2454 2085 2478 ver-

157 2479 263 2503 suum
287 2469 332 2506 39
358 2472 395 2515 (f.
413 2472 467 2509 37.
485 2474 529 2510 38
555 2481 641 2514 sunt
666 2491 837 2516 versuum
860 2483 915 2525 40,
942 2484 965 2518 f.
987 2485 1002 2519 1
1032 2497 1201 2521 versuum
1225 2488 1285 2529 42;
1315 2488 1492 2525 minerem
1517 2503 1707 2528 numerum
1733 2496 1916 2539 quaedam
1944 2498 2086 2535 habent

154 2529 356 2571 propterea
378 2531 477 2575 quod
501 2531 539 2568 in
564 2534 611 2569 iis
634 2536 723 2572 libri
748 2538 884 2575 finiunt
909 2541 968 2577 vel
993 2541 1179 2588 incipiunt
1204 2544 1334 2590 tituli),
1360 2546 1571 2583 litterarum
1594 2549 1632 2583 in
1654 2549 1811 2596 singulis
1835 2553 1882 2588 ad
1906 2554 2085 2600 quinqua-

154 2593 280 2627 genaS,
306 2596 416 2629 quem
440 2600 632 2627 numerum
656 2605 738 2630 raro
764 2598 958 2634 excedunt.
977 2619 1022 2624 —
1046 2600 1234 2646 Scriptum
1260 2614 1337 2639 esse
1363 2615 1386 2639 a
1407 2605 1571 2641 librariis
1598 2607 1749 2650 duobus,
1776 2609 1823 2644 ab
1849 2610 1968 2646 altero
1992 2612 2084 2648 folia

158 2639 286 2680 1—28.
311 2642 476 2688 39—43‚
506 2647 652 2693 reliqua
675 2651 824 2690 29—38
849 2655 896 2690 ab
922 2656 1041 2693 altero
1073 2670 1117 2693 ex
1145 2659 1299 2696 minutis
1324 2661 1545 2706 quibusdam
1571 2663 1778 2710 scripturae
1804 2666 2084 2705 diversitatibus

155 2696 365 2750 {Qgerus
390 2702 531 2746 effecit;
563 2709 725 2754 exempli
755 2722 868 2748 causa
892 2724 1003 2750 comes
1025 2716 1079 2750 rei
1098 2717 1264 2761 privatae
1287 2721 1440 2754 notatur
1463 2732 1485 2755 a
1510 2721 1632 2766 priore
1651 2715 1685 2758 ἶ*
1711 2716 1745 2758 ff
1767 2716 1806 2766 F,
1833 2736 1855 2760 a
1879 2726 2083 2771 posteriore

155 2754 259 2791 CRP.
285 2776 328 2783 —
351 2758 575 2799 Emendavit
604 2764 740 2802 librum
771 2773 921 2814 praeter
945 2771 1067 2818 ipsum
1092 2774 1288 2810 librarium
1314 2780 1497 2813 corrector
1521 2779 1703 2825 diversus,
1736 2794 1804 2817 nec
1837 2783 1969 2819 desunt
1998 2785 2081 2829 loci,

154 2815 198 2848 ut
222 2813 368 2851 dicetur
391 2818 518 2863 capite
543 2824 686 2866 octavo,
712 2825 778 2860 ubi
803 2827 905 2872 prior
928 2829 1041 2865 lectio
1067 2832 1309 2876 praeferenda
1335 2837 1390 2870 est
1415 2835 1622 2880 posteriori.

273 2871 426 2919 Corpori
444 2876 694 2916 Theodosiani
711 2884 935 2927 praemissus
951 2886 1025 2922 fuit
1042 2887 1153 2925 index
1171 2889 1376 2934 titulorum,
1404 2893 1507 2928 cuius
1531 2893 1570 2928 in
1595 2894 1703 2931 unius
1729 2907 1773 2931 ex
1796 2897 1953 2934 servatis
1970 2899 2080 2936 hodie

156 2928 259 2964 foliis
285 2930 479 2978 (Kruegeri
501 2935 562 2980 43)
591 2938 732 2984 pagina
763 2944 868 2977 recta
898 2947 1066 2989 superest
1090 2958 1176 2991 pars
1201 2949 1366 2984 extrema
1399 2961 1481 2984 cum
1511 2951 1800 2998 subscriptione:
1829 2955 1958 3002 [eaepLJ
1983 2958 2082 2993 tituli

151 2987 226 3022 divi
241 2987 326 3033 (sic;
352 2990 436 3027 vide
459 3004 572 3039 supra
595 3007 631 3040 p.
647 2996 729 3042 XV)
748 2998 1011 3036 Theodosium:
1036 3006 1132 3037 utere
1155 3005 1267 3049 felia),-
1291 3006 1459 3051 sequitur
1475 3007 1514 3043 in
1540 3010 1668 3046 eadem
1694 3011 1834 3057 pagina
1860 3015 1898 3048 et
1922 3026 1943 3049 a
1968 3027 2078 3050 manu

154 3047 285 3083 eadem
309 3048 420 3086 index
437 3050 704 3098 imperatorum
727 3069 861 3102 eorum,
887 3072 1043 3105 quorum
1060 3064 1346 3102 constitutiones
1371 3066 1408 3100 in
1435 3079 1567 3113 corpus
1591 3068 1660 3104 hoc
1684 3072 1858 3115 receptae
1883 3075 1978 3115 sunt,
2005 3073 2077 3108 edi-

270 3144 297 3188 ¹)
322 3145 497 3189 Originem
514 3149 698 3185 voluminis
715 3154 917 3188 Bobiensem
941 3157 1155 3190 confirmavit
1170 3159 1305 3192 Patetta
1329 3158 1377 3202 (in
1399 3162 1484 3195 actis
1509 3163 1604 3196 acad.
1622 3165 1725 3198 Taur.
1744 3165 1932 3200 minoribus
1952 3169 2018 3202 vol.
2033 3167 2077 3202 36

150 3199 181 3222 a.
195 3188 284 3224 1901
310 3203 341 3235 p.
356 3191 426 3226 618
434 3193 518 3237 seq.)
534 3196 770 3233 demonstrans
794 3202 981 3245 scripturae
1003 3204 1208 3246 posterioris,
1234 3207 1332 3239 cuius
1355 3207 1401 3239 ibi
1419 3209 1589 3251 specimen
1607 3210 1707 3251 dedit,
1730 3213 1951 3255 proprietates
1968 3215 2077 3249 redire

149 3236 187 3268 in
210 3237 385 3272 codicibus
409 3240 487 3273 aliis
511 3247 603 3276 certo
627 3245 865 3280 Bobiensibus.

271 3295 299 3336 ²)
323 3297 460 3331 Folium
484 3310 505 3332 a
521 3300 677 3344 Peyrono
702 3305 825 3346 visum,
851 3317 919 3349 quo
943 3309 1161 3342 continentur
1187 3308 1483 3354 14‚3,5—14,3,
1499 3311 1551 3355 13,
1577 3313 1698 3347 deinde
1722 3315 1849 3349 frustra
1873 3316 2075 3361 indagatum

153 3345 333 3384 postquam
363 3355 483 3379 rursus
507 3349 655 3391 repperit
677 3350 829 3394 Patetta‚
857 3355 1018 3397 apparuit
1047 3367 1114 3388 non
1139 3356 1181 3389 ad
1205 3357 1298 3390 hunc
1322 3359 1469 3392 codicem
1495 3361 1679 3402 pertinere,
1710 3362 1768 3394 sed
1792 3363 1834 3395 ad
1858 3363 2006 3398 alterum
2027 3365 2074 3399 W.
