2501 3615
991 155 1032 162 —
1082 131 1251 170 LXXXV
1298 153 1343 160 —-

237 244 268 281 6,
296 242 336 278 In
362 242 384 277 l.
405 241 489 276 XVI
516 245 664 287 praeter
695 241 826 276 titulos
853 239 889 275 in
916 239 1140 276 breviarium
1165 239 1303 275 relatos
1328 236 1593 273 Ambrosianus
1619 236 1733 272 habet
1760 239 1892 281 quarto
1920 234 2000 273 loco
2026 234 2062 272 in
2089 249 2130 273 eo

295 301 468 336 omissum
499 299 539 334 de
562 299 617 334 his
641 299 703 343 qm·
731 310 839 343 super
862 299 1028 343 relictione
1053 298 1288 341 contendunt,
1321 296 1412 332 item
1442 298 1527 341 post
1558 294 1723 330 rubricas
1749 294 2026 330 Theodosi-anas
2051 296 2132 330 sub-

295 358 418 404 iungit
442 358 510 392 has
535 358 748 402 spectantes
773 357 821 392 ad
846 355 1132 392 constitutiones
1157 354 1449 391 Sirmondianas:

479 427 523 462 de
550 426 608 460 his
634 426 696 470 qui
722 426 831 461 famis
857 427 986 466 (fames
1004 426 1071 469 ΑΒ)
1099 427 1264 470 tempore
1290 426 1374 459 sunt
1402 422 1551 459 collecti

479 483 523 519 de
549 483 606 518 his
632 483 696 528 qui
722 495 788 529 pro
813 483 986 529 paschali
1011 482 1220 519 festivitate
1246 482 1290 518 de
1315 480 1526 517 carceribus
1551 480 1766 515 educuntur.

298 553 556 597 Archetypum
582 552 699 597 igitur
724 553 760 587 in
786 553 809 587 l.
828 553 914 587 XVI
941 563 1056 598 prope
1082 551 1237 586 accessit
1265 551 1312 585 ad
1338 550 1375 584 id
1393 561 1508 595 genus
1527 548 1696 584 codicum
1722 548 1765 583 de
1791 558 1863 591 quo
1882 549 2012 593 postea
2039 546 2133 582 dice-

292 623 373 645 mus
391 609 513 651 DYO,
539 621 774 655 quamquam,
800 610 870 645 nisi
896 609 1005 645 iudex
1029 608 1140 650 fallit,
1166 620 1238 643 non
1264 607 1388 642 omnia
1413 606 1548 642 habuit
1573 606 1611 641 in
1636 606 1704 640 hos
1728 607 1892 650 recepta.

202 679 259 714 Ad
289 683 433 716 textum
458 679 558 724 quod
590 679 744 721 attinet,
776 679 937 714 secunda
962 689 1092 713 manus
1124 677 1162 711 in
1188 677 1283 711 libro
1309 688 1381 711 non
1407 675 1578 716 cemitur,
1611 675 1674 710 sed
1700 673 1874 709 librarius
1900 685 1995 718 quae
2023 673 2134 718 scrip-

203 739 303 773 serat
327 737 407 783 ipse
433 738 632 773 emendans
657 749 729 772 non
755 749 826 772 uno
852 736 933 771 loeo
958 736 1003 780 (1,
1021 736 1073 777 10,
1088 735 1119 777 8,
1136 735 1199 769 *13
1225 754 1268 759 —
1295 734 1490 778 1,15,3,3)
1514 732 1657 768 tradita
1682 731 1857 777 corrupit.

319 823 364 858 II.
397 822 643 859 RVBRICAE
669 823 800 858 LIBRI
826 823 852 858 I.
2161 818 2268 852 Rubr.
2285 820 2306 852 l.
2323 819 2348 850 Ι

318 881 431 916 Index
461 881 650 917 Parisinus
682 880 912 916 rubricarum
945 879 1031 915 libri
1065 878 1177 924 primi
1209 881 1378 914 servatus
1412 879 1467 913 est
1499 876 1536 912 in
1569 877 1647 912 solo
1684 876 1810 912 codice
1846 875 2012 911 Parisino
2043 876 2135 910 4413

203 949 297 973 saec.
317 938 348 972 X
374 943 458 984 post
485 938 711 973 breviarium
737 938 972 973 decurtatum
997 937 1086 972 folio
1112 939 1286 972 extremo.
1329 935 1402 970 Sub
1430 936 1660 980 praescripto
1687 934 1729 968 de
1752 935 1900 968 nomina
1925 933 2135 976 officialium

201 996 263 1040 qui
287 1007 414 1031 curam
434 997 603 1041 gerebant
625 997 773 1040 antiquo
794 996 873 1030 ‘iure
892 996 933 1029 in
952 994 1102 1030 Romam
1119 996 1356 1030 recensentur
1373 993 1543 1028 rubricae
1561 992 1721 1028 sedecim
1739 992 1953 1035 (secundum
1970 994 2134 1026 nostram

202 1053 497 1090 numerationem
513 1054 544 1088 6.
564 1054 593 1088 7.
612 1053 644 1088 8.
664 1054 716 1089 10.
738 1055 789 1088 11.
810 1053 862 1088 13.
883 1054 934 1087 14.
956 1053 1007 1086 15.
1029 1053 1080 1087 17.
1102 1051 1154 1087 18.
1175 1052 1226 1087 19.
1245 1051 1299 1086 28.
1319 1050 1373 1086 30.
1392 1050 1446 1086 31.
1465 1051 1520 1085 33.
1539 1050 1596 1094 34)
1621 1054 1749 1095 aperte
1774 1051 1945 1094 sumptae
1971 1061 2014 1085 ex
2040 1049 2136 1085 codi-

204 1112 256 1146 cis
274 1111 524 1148 Theodosiani
541 1111 745 1157 exemplari
763 1111 889 1156 pleno,
915 1110 1179 1156 respondentes
1204 1109 1354 1144 aliunde
1380 1107 1530 1144 testatis
1554 1107 1689 1143 nostris
1714 1108 1744 1142 6.
1764 1108 1794 1142 7.
1812 1108 1843 1142 8.
1864 1107 1916 1142 10.
1937 1108 1989 1142 11.
2010 1106 2061 1142 13.
2084 1108 2135 1141 14.

204 1170 256 1204 15.
275 1170 336 1211 34,
367 1172 410 1205 ut
439 1169 552 1205 etiam
578 1172 722 1214 septem
746 1168 909 1213 reliquas
934 1168 1088 1203 dubium
1119 1179 1193 1202 non
1224 1167 1273 1203 sit
1304 1167 1444 1203 ibidem
1476 1165 1647 1202 adfuisse.
1696 1165 1754 1200 Ad
1778 1165 1943 1200 rubricas
1969 1164 2137 1210 singulas

203 1238 324 1273 pauca
350 1227 463 1262 verba
492 1227 642 1263 adiecta
672 1229 758 1262 sunt
789 1227 837 1262 ad
868 1238 930 1262 eas
961 1226 1262 1271 interpretandas
1293 1224 1540 1270 pertinentia,
1575 1235 1731 1268 quorum
1759 1222 1943 1267 quaedam
1976 1224 2137 1267 apparet

203 1284 388 1329 proficisci
412 1296 457 1321 ex
481 1284 573 1331 ipsis
597 1283 938 1320 constitutionibus.
980 1283 1163 1329 Repperit
1189 1282 1350 1318 indicem
1379 1282 1566 1317 Gustavus
1591 1281 1733 1316 Haenel
1759 1280 1950 1324 ediditque
1977 1279 2136 1325 primum

203 1342 243 1377 in
274 1342 444 1378 Richteri
477 1342 676 1378 annalibus
710 1341 850 1378 criticis
877 1343 894 1377 1
927 1341 1045 1386 (1837)
1077 1353 1112 1386 p.
1137 1341 1221 1382 665,
1256 1340 1387 1376 deinde
1420 1351 1502 1375 cum
1535 1337 1792 1374 Theodosiano
1825 1338 1872 1373 ad
1904 1339 1964 1374 1.1
1999 1338 2058 1373 tit.
2084 1338 2136 1372 17.

202 1400 282 1446 Ego
306 1400 476 1443 indicem,
503 1399 608 1435 cuius
629 1400 742 1436 lectio
763 1399 932 1445 pluribus
955 1399 1047 1434 locis
1065 1398 1226 1434 evanida
1252 1400 1308 1433 est
1334 1400 1371 1433 et
1398 1397 1551 1440 incerta,
1579 1409 1662 1432 cum
1686 1396 1842 1432 rubricis
1867 1396 1966 1432 edidi
1994 1409 2028 1442 p.
2047 1394 2138 1430 5-8

204 1457 252 1492 ad
277 1457 489 1503 exemplum
514 1457 802 1504 diligentissime
828 1461 1019 1503 sumptum
1044 1468 1066 1492 a
1091 1457 1292 1503 Kruegero.

319 1539 385 1575 III.
421 1541 451 1582 1,
468 1541 500 1582 2,
518 1541 550 1577 9.
2165 1542 2192 1578 1,
2205 1540 2235 1578 2,
2251 1542 2269 1570 {¹

319 1598 436 1644 Leges
454 1598 548 1634 duae
566 1598 586 1633 9
605 1598 650 1634 de
669 1598 822 1634 diversis
839 1597 1030 1643 rescriptis
1050 1599 1094 1641 (1,
1109 1597 1144 1641 2)
1165 1600 1202 1633 et
1223 1596 1264 1632 13
1284 1597 1327 1632 de
1346 1596 1468 1631 officio
1491 1595 1645 1632 rectoris
1669 1594 1884 1640 provinciae
1902 1595 1945 1637 (1,
1963 1595 2018 1638 16)
2036 1594 2140 1639 ipsae

205 1655 359 1691 veniunt
383 1667 428 1691 ex
451 1667 524 1691 uno
551 1655 687 1697 codice,
712 1655 818 1690 nobis
836 1655 881 1696 F,
908 1654 1102 1700 deperdito
1121 1654 1328 1690 Pit-hoeano
1347 1653 1495 1689 adiecta
1513 1652 1823 1698 interpretatione
1841 1652 1889 1696 (v.
1909 1663 1944 1696 p.
1961 1651 2139 1694 LXXIX).

205 1713 425 1748 Habuerunt
453 1724 517 1748 eas
546 1715 742 1758 praeterea
766 1713 974 1758 archetypa
1000 1712 1169 1748 codicum
1194 1711 1359 1757 plurium
1385 1712 1678 1747 decurtatorum:
1713 1709 1976 1755 interpretatio
2008 1709 2140 1744 utrius-

205 1781 277 1814 que
308 1782 392 1805 cum
416 1769 690 1815 subscriptione
719 1770 853 1815 prioris
885 1773 941 1806 est
970 1769 1009 1804 in
1034 1769 1135 1805 Leid.
1152 1769 1256 1804 Voss.
1276 1770 1339 1810 47;
1372 1767 1635 1813 interpretatio
1666 1767 1802 1813 prioris
1832 1766 1870 1801 in
1895 1766 2140 1802 Ambrosiano

206 1827 233 1862 C
258 1827 326 1863 276
343 1826 408 1862 inf.
434 1829 473 1862 et
494 1827 715 1863 Taurinensi
740 1828 783 1862 H.
804 1828 867 1863 VI.
885 1828 945 1868 24;
972 1827 1236 1873 interpretatio
1262 1826 1477 1872 posterioris
1503 1826 1539 1860 in
1565 1825 1751 1860 Fuldensi.
1793 1825 1997 1869 Utramque
2023 1825 2138 1860 habet

205 1887 401 1930 praeterea
425 1885 588 1930 epitome
613 1885 833 1931 Aegidiana.
861 1905 904 1910 -—
932 1885 1164 1929 Quamquam
1190 1884 1453 1930 interpretatio
1479 1884 1600 1925 adest,
1633 1883 1700 1918 has
1732 1883 1823 1917 duas
1853 1882 2139 1918 constitutiones

205 1943 374 1990 integras
398 1945 567 1978 servatas
595 1942 633 1978 in
663 1954 735 1978 uno
761 1943 969 1979 Pithoeano
995 1942 1150 1977 dubium
1179 1954 1251 1977 non
1277 1944 1334 1978 est
1359 1941 1494 1977 afuisse
1521 1941 1568 1976 ab
1594 1940 1800 1985 archetypo
1828 1939 1967 1974 Alarici
1993 1939 2140 1975 additas

206 2002 338 2046 postea
363 2012 408 2036 ex
431 2000 692 2036 Theodosiano
718 2000 864 2047 integro
891 2003 929 2037 et
954 2000 1233 2046 interpretatas.

320 2087 383 2123 IV.
417 2089 447 2130 1,
464 2089 517 2130 15,
533 2088 584 2122 17.
2166 2085 2310 2123 1,15,17

320 2146 360 2181 L.
379 2146 421 2181 17
448 2145 492 2181 de
516 2145 639 2181 officio
664 2145 797 2181 vicarii
823 2147 869 2187 (1,
887 2146 961 2189 15),
995 2156 1090 2190 quae
1127 2156 1210 2180 cum
1245 2144 1488 2190 inscriptione
1521 2146 1558 2178 et
1588 2143 1861 2189 subscriptione
1891 2142 2075 2188 reperitur
2100 2141 2139 2176 in

206 2203 333 2240 codice
349 2203 605 2245 Ambrosiano,
632 2215 715 2238 cum
732 2203 881 2239 rubrica
902 2215 969 2238 sua
992 2202 1195 2246 additoque
1214 2201 1292 2237 eius
1312 2214 1395 2237 vero
1420 2213 1571 2237 numero
1592 2201 1678 2244 XV,
1706 2201 1770 2236 sed
1795 2200 1872 2236 sine
1896 2199 2140 2245 inscriptione

206 2264 246 2298 et
269 2261 541 2307 subscriptione
567 2263 606 2297 et
630 2260 865 2306 praescripto
884 2260 1065 2296 vocabulo
1091 2253 1180 2304 ίφῆ),
1206 2259 1391 2306 reperitur
1413 2259 1451 2293 in
1474 2257 1680 2294 decurtat-is
1705 2257 1847 2292 duobus
1866 2257 2032 2292 Parisino
2049 2257 2140 2292 4412

207 2321 245 2362 (a
269 2331 343 2364 quo
366 2330 540 2354 numerus
564 2318 734 2354 rubricae
759 2329 832 2353 non
857 2318 978 2362 abest)
1005 2320 1042 2353 et
1067 2317 1252 2353 Vaticano
1277 2316 1429 2362 reginae
1457 2316 1556 2351 1023.
1604 2315 1658 2350 Ex
1683 2314 1764 2359 illo,
1795 2314 1860 2359 qui
1885 2314 1957 2349 fuit
1983 2313 2140 2355 Pithoei,

206 2388 433 2421 quamquam
465 2376 666 2412 dubitabat
700 2375 918 2418 Haenelius‚
958 2375 1136 2411 Pithoeus
1172 2387 1254 2410 eam
1289 2374 1491 2420 adscripsit
1527 2374 1576 2409 ad
1609 2373 1798 2418 exemplar
1833 2372 1887 2407 ed.
1915 2371 2140 2407 Cuiacianae

207 2446 240 2470 a.
256 2435 346 2471 1566
361 2434 545 2470 adnotans
559 2434 618 2470 ‘ex
635 2446 668 2468 v.
687 2445 717 2469 c.
734 2446 816 2470 meo
843 2434 887 2469 de
911 2433 1032 2469 officio
1053 2432 1194 2468 vicarii‘
1219 2433 1380 2477 indeque
1407 2444 1488 2468 eam
1514 2431 1633 2467 edidit
1651 2430 1824 2466 Cuiacius
1850 2429 1889 2464 in
1914 2429 1968 2464 ed.
1988 2441 2020 2464 a.
2042 2429 2140 2464 1586.

206 2491 324 2527 Simul
356 2491 497 2538 prodiit
528 2491 747 2527 constitutio
772 2491 974 2527 Alexandri
1005 2491 1113 2537 Greg.
1138 2492 1222 2533 9,1,
1255 2502 1367 2535 quam
1397 2490 1539 2526 habent
1574 2488 1663 2524 libri
1695 2488 1766 2523 duo
1799 2486 1958 2522 Parisini
1981 2487 2072 2521 4412
2103 2488 2141 2521 et

206 2560 313 2585 ποαυ.
336 2560 414 2595 aeq.
438 2549 519 2585 Lat.
539 2549 626 2586 1631
652 2551 778 2595 (antea
801 2549 1102 2593 Aurelianensis).
1128 2569 1172 2574 —
1198 2548 1366 2583 Indidem
1392 2547 1511 2589 venit,
1545 2547 1644 2592 quod
1679 2545 1718 2580 in
1752 2545 1884 2581 iisdem
1917 2543 2038 2586 libris,
2077 2544 2141 2588 qui

206 2607 349 2642 habent
378 2619 570 2643 numerum
594 2608 672 2650 XV,
706 2608 754 2643 ad
786 2607 918 2643 titulos
949 2606 1038 2642 libri
1072 2606 1183 2652 primi
1218 2608 1397 2651 quattuor
1430 2605 1468 2640 in
1498 2603 1727 2641 breviarium
1757 2605 1928 2648 receptos
1960 2601 2141 2646 adscripti

208 2666 295 2699 sunt
317 2664 461 2700 numeri
484 2665 569 2700 inde
595 2665 809 2710 pendentes,
836 2664 981 2699 scilicet
1007 2664 1048 2699 de
1073 2664 1190 2707 officio
1213 2662 1566 2707 ²1·ectoris(brev‚VI)
1586 2661 1692 2695 XVI
1709 2681 1751 2686 —
1775 2660 1818 2695 cle
1842 2659 1959 2702 officio
1981 2658 2141 2692 iudicum

206 2722 360 2756 civilium
385 2722 500 2763 (brev.
518 2721 603 2767 VII)
629 2721 757 2756 XVII
782 2743 826 2748 —
857 2722 900 2757 cle
933 2721 1179 2764 defensoribus
1211 2721 1392 2755 civitatum
1424 2720 1539 2763 (brev.
1563 2719 1610 2764 X)
1640 2718 1723 2753 XX
1752 2738 1796 2743 —
1828 2717 1870 2751 (Ie
1903 2716 2141 2751 adsessoribus

209 2779 324 2824 (brev.
342 2778 409 2824 XI)
437 2779 549 2814 XXI
566 2779 633 2824 (sic
658 2779 698 2814 in
722 2779 845 2815 indice
869 2779 1101 2815 rubricarum
1127 2778 1264 2814 codicis
1290 2777 1473 2822 Parisini).

326 2859 370 2895 V.
404 2861 434 2902 1,
454 2860 507 2901 16,
524 2860 557 2894 8.
2166 2857 2182 2886 1
2210 2855 2249 2887 16
2273 2855 2295 2886 8

323 2917 363 2952 L.
381 2917 404 2953 8
427 2917 473 2954 de
497 2917 618 2953 officio
648 2917 803 2953 rectoris
833 2917 1047 2962 provinciae
1072 2918 1117 2960 (1,
1135 2917 1190 2961 16)
1220 2927 1262 2952 eo
1294 2916 1375 2951 loco
1401 2917 1502 2955 (nam
1535 2918 1591 2950 est
1621 2914 1711 2950 item
1742 2913 1781 2948 in
1806 2912 1884 2948 cod.
1904 2912 1991 2947 Iust.
2010 2912 2041 2953 3,
2056 2911 2088 2953 3,
2103 2912 2138 2955 5)
2184 2880 2193 2896 ⁷
2250 2879 2260 2895 y

209 2974 329 3010 edidit
344 2974 424 3010 sine
440 2974 750 3020 interpretatione
763 2974 1095 3010 Iac.Gothofredus
1110 2974 1169 3009 ‘ex
1186 2986 1250 3008 ms.
1266 2973 1453 3008 nonnullis
1470 2984 1513 3008 ac
1531 2971 1750 3007 nominatim
1768 2982 1811 3006 ex
1829 2982 1892 3005 ins.
1906 2970 1944 3004 P.
1957 2969 2140 3006 Danielis'.

208 3032 298 3068 Eius
321 3031 461 3068 codicis
484 3031 579 3068 alibi
602 3031 742 3068 mentio
767 3043 840 3067 non
864 3031 916 3068 fit.

333 3113 396 3149 VI.
431 3113 461 3155 1,
482 3113 534 3155 16,
555 3113 597 3149 13
624 3112 708 3149 vide
732 3113 780 3148 ad
808 3115 836 3156 1,
855 3113 886 3155 2,
906 3114 937 3149 9.
2163 3115 2190 3153 1,
2206 3113 2309 3153 16,1.3

323 3193 405 3228 VII.
439 3194 471 3235 2,
489 3194 521 3235 7,
541 3194 571 3229 1.
589 3194 621 3228 2.
2168 3194 2199 3224 2.
2218 3195 2235 3224 7
2259 3196 2284 3224 1.
2303 3194 2324 3223 2

323 3251 442 3297 Leges
467 3253 498 3287 1.
516 3251 537 3286 2
563 3251 607 3287 de
632 3250 878 3286 dilationibus
903 3251 948 3294 (2,
963 3253 1015 3293 7),
1046 3253 1088 3286 ut
1113 3250 1151 3285 in
1177 3251 1247 3285 hac
1273 3249 1436 3286 editione
1462 3251 1712 3290 numerantur,
1746 3247 1784 3282 in
1811 3247 1936 3283 codice
1963 3246 2139 3282 Guilelmi
2191 3228 2196 3233 ⁷
2233 3217 2243 3233 ›

209 3308 549 3345 Malmesburiensis
582 3307 781 3344 Oxoniensi
813 3308 1024 3354 adscriptas
1055 3320 1133 3344 esse
1166 3308 1214 3343 ad
1245 3308 1493 3353 archetypum
1526 3306 1707 3342 Breviarii
1740 3318 1783 3341 ex
1816 3305 1899 3351 ipsa
1933 3305 2025 3340 serie
2059 3315 2139 3338 con-

211 3365 450 3402 stitutionum
475 3365 728 3410 intellegitur;
754 3366 899 3402 scilicet
925 3368 1182 3411 proponuntur
1208 3365 1279 3402 ita:
