2485 3615
340 526 360 559 [Ὁ

1093 154 1135 159 -
1184 133 1341 168 XXXVI
1389 153 1433 158 —

395 251 477 274 raro
504 238 541 273 in
566 237 828 283 explanatione
852 237 1125 283 praeterierunt
1149 238 1282 281 utpote
1314 247 1379 281 per
1409 248 1446 271 se
1474 236 1672 271 manifesta
1698 236 1756 270 vel
1781 248 1847 281 per
1873 239 1992 272 certas
2017 249 2148 272 causas
2173 237 2225 272 in-

396 295 522 337 utilia,
556 296 734 331 admissas
759 307 941 340 nusquam
966 294 1187 329 mutilarunt
1213 294 1311 333 (nam
1337 293 1405 327 Th.
1423 293 1556 334 2‚10,6
1586 292 1663 328 sine
1698 293 1810 329 dubio
1841 296 2065 339 acceperunt
2095 294 2226 339 imper-

396 354 532 389 fectam
564 365 585 388 a
611 352 875 389 Theodosianis
906 352 1149 395 novellaeque
1181 350 1378 385 Maioriani
1406 351 1445 384 11
1479 350 1523 384 de
1553 350 1759 396 episcopali
1790 351 1928 387 iudicio
1961 352 2122 397 epitome
2154 364 2226 387 non

398 411 501 446 venit
534 422 555 445 a
580 409 824 456 prudentibus
854 409 945 450 illis,
979 409 1042 443 sed
1074 407 1223 443 adiecta
1253 410 1309 442 est
1340 408 1484 452 postea)
1513 409 1551 442 ct
1582 406 1840 452 inscriptiones
1866 421 2011 453 quoque
2042 409 2226 455 subscrip-

397 468 588 512 tionesque
613 467 785 513 religiose
810 467 1046 502 rettulerunt.

364 553 370 559 .
397 526 501 561 Iussu
525 526 622 571 regis
647 525 788 570 sylloge
813 527 855 559 ut
880 524 983 559 fieret
1008 522 1193 558 ordinavit
1219 522 1407 557 Goiaricus
1432 532 1540 556 comes
1568 523 1621 557 vir
1644 523 1808 558 inlustris
1833 525 1872 567 (Ι,
1888 526 1908 560 6
1934 527 1972 560 et
1997 525 2153 560 fortasse
2179 537 2223 560 ex

398 582 684 628 interpolatione
703 582 790 622 IIIb,
807 581 852 625 3).
890 580 943 615 Ex
962 580 1147 626 dignitate
1171 579 1406 626 intellegitur
1430 580 1528 615 hunc
1553 581 1654 624 apud
1678 592 1803 626 regem
1829 593 1870 617 eo
1896 583 1970 618 fere
1996 582 2077 617 loco
2103 582 2228 624 fuisse,

399 652 472 685 quo
496 640 567 674 fuit
593 639 693 685 apud
719 638 981 683 imperatorem
1006 639 1216 683 praefectus
1243 637 1440 682 praetorio.

367 725 373 731 .
401 697 550 733 Titulus
581 696 743 741 corporis
776 698 833 731 est
857 697 962 741 Leqes
991 700 1098 740 atque
1125 696 1185 740 (al.
1213 696 1294 739 sire)
1321 696 1446 739 specics
1476 695 1566 729 iuris
1600 695 1643 729 de
1672 695 1920 731 Theodosiano
1950 699 2004 732 vel
2027 698 2084 741 (=
2110 698 2162 742 et)
2189 698 2231 732 de

399 755 542 788 dirersis
568 754 664 788 libris
689 754 812 788 electae
836 754 875 798 (Ι,
891 755 922 788 2.
949 754 1040 795 1112,
1054 754 1098 798 4).

400 812 538 856 Corpus
564 823 630 856 per
647 811 844 854 prudentes
867 812 925 855 (II,
942 812 976 856 7)
1008 811 1221 846 absolutum
1246 811 1305 846 vel
1341 810 1466 856 potius
1498 823 1564 855 pro
1589 810 1761 845 absoluto
1786 810 1968 846 traditum
1993 814 2048 848 est
2079 812 2160 858 regi
2192 814 2231 848 et

399 869 678 914 comprobatum
707 881 729 904 a
755 869 993 904 sacerdotibus
1017 880 1061 904 ac
1085 869 1258 903 nobilibus
1282 869 1341 912 (11,
1356 869 1391 912 4)
1415 869 1491 909 vel,
1525 870 1567 903 ut
1592 870 1723 913 postea
1749 867 1895 910 dicitur,
1929 868 1977 903 ab
2004 870 2176 913 episeopis
2200 873 2232 904 et

398 927 506 960 electis
538 926 818 970 provincialibus
844 928 903 970 (ΙΙ,
919 928 964 971 9).
1014 927 1153 973 Legum
1189 926 1439 961 Romanarum
1472 925 1635 970 iurisque
1665 925 1822 960 Romani
1856 924 1894 960 in
1924 924 1963 960 id
1995 938 2127 971 corpus
2159 938 2232 962 non

398 984 539 1029 recepti
563 996 650 1019 usus
674 983 713 1018 in
736 985 903 1019 futurum
926 984 1171 1020 interdicitur.

366 1069 372 1075 .
399 1041 652 1076 Autlzenticzcm
682 1053 704 1076 a
733 1054 819 1087 rege
849 1042 1079 1085 subscriptum
1105 1042 1163 1085 (II,
1181 1041 1233 1076 10.
1260 1041 1323 1082 Ill,
1340 1041 1374 1085 5)
1405 1040 1564 1075 inlatum
1594 1041 1649 1075 est
1679 1039 1792 1086 regiis
1824 1039 1969 1075 scriniis
1995 1040 2070 1082 vel,
2104 1041 2146 1075 ut
2170 1039 2232 1075 hic

400 1098 581 1141 dicuntur,
607 1100 783 1134 thesauris
808 1100 868 1144 (ΙΙ,
885 1101 936 1134 10.
964 1100 1028 1141 ΙΙΙ,
1044 1101 1089 1144 5).

400 1156 617 1192 Authentici
643 1157 871 1202 exempla-ria
895 1169 957 1193 rex
983 1169 1064 1192 cum
1095 1157 1334 1201 praeceptione
1359 1157 1417 1199 (ΙΙ,
1439 1157 1496 1199 16)
1523 1155 1599 1192 sive
1631 1156 1842 1190 auctoritate
1866 1157 1915 1200 (ΙΙ
1933 1155 2006 1199 tit.)
2042 1156 2120 1192 sive
2145 1166 2234 1190 eom-

399 1215 582 1249 mom'torio
607 1215 666 1258 (ΙΙ,
688 1216 720 1257 1)
753 1215 840 1250 dato
867 1215 1023 1250 Tolosae
1055 1226 1086 1249 a.
1105 1215 1173 1249 506
1202 1214 1306 1248 Febr.
1325 1214 1345 1248 2
1375 1214 1435 1257 (ΙΙ,
1456 1214 1510 1257 19)
1543 1213 1602 1249 vel
1632 1213 1737 1249 Febr.
1754 1215 1774 1249 3
1804 1214 1907 1257 (mh,
1927 1215 1960 1258 7)
1990 1214 2038 1249 ad
2069 1213 2234 1260 singulos

401 1271 570 1313 comites,
601 1272 876 1317 provinciarum
903 1272 1042 1317 opinor,
1068 1272 1174 1308 iubet
1205 1271 1421 1307 transmitti.
1470 1271 1557 1306 Eius
1586 1270 1824 1306 auctoritatis
1849 1272 2025 1315 exemplar
2052 1270 2234 1307 directum

401 1329 449 1364 ad
479 1329 717 1365 Timotheum
750 1343 781 1364 v.
807 1342 859 1375 sp.
887 1329 1059 1365 comitem
1092 1331 1257 1366 aetatem
1289 1328 1379 1364 tulit
1405 1330 1485 1373 (II);
1521 1329 1679 1363 alterum
1713 1341 1801 1364 num
1835 1331 1937 1365 extet
1971 1328 2154 1365 directum
2186 1329 2233 1364 ad

402 1387 668 1432 Nepotianum,
696 1387 848 1423 dubium
872 1390 927 1423 est
955 1388 1051 1431 (adn.
1078 1388 1125 1422 ad
1151 1388 1196 1429 ΙΙ,
1217 1389 1262 1429 1).

369 1471 376 1478 .
402 1443 568 1479 Anianus
594 1457 626 1480 v.
646 1457 715 1489 sp.‚
751 1457 832 1480 eum
864 1445 940 1480 fere
971 1445 1143 1480 obtinens
1167 1445 1291 1479 locum
1317 1456 1426 1488 quem
1451 1443 1622 1479 obtinent
1648 1442 1749 1488 apud
1775 1442 2037 1488 imperatorem
2063 1443 2235 1489 magistri

400 1502 631 1544 scriniorum,
669 1502 769 1537 iussu
802 1502 900 1548 regis
933 1502 1161 1547 exempla-ria
1193 1500 1472 1537 commonitorio
1504 1501 1570 1536 illo
1603 1500 1819 1546 praeposito
1853 1512 1896 1536 ex
1927 1500 2145 1536 authentico
2176 1501 2235 1537 de-

403 1559 544 1605 scripta
569 1560 616 1594 ad
643 1559 796 1595 comites
820 1559 906 1595 illos
931 1559 1074 1596 directa
1101 1561 1159 1605 (ΙΙ,
1181 1560 1235 1604 12)
1262 1562 1299 1594 et
1326 1571 1392 1594 sua
1416 1571 1527 1594 manu
1553 1557 1766 1603 subscripta
1792 1559 1850 1601 (ΙΙ,
1871 1558 1922 1592 12.
1949 1558 2081 1601 IIIa-b)
2107 1557 2236 1602 edidit,

402 1629 446 1652 ex
471 1617 529 1651 his
548 1617 834 1653 Timotheanum
858 1617 992 1652 Aduris
1017 1618 1173 1662 (111³,63
1199 1617 1336 1653 rectius
1359 1616 1496 1657 Aturis,
1521 1615 1632 1651 hodie
1658 1615 2007 1660 Atre-sur-Ad0m·‚·
2032 1616 2076 1651 cf.
2095 1615 2179 1651 C.1.
2196 1616 2236 1651 L.

403 1674 473 1709 vol.
493 1675 581 1709 XIII
607 1687 641 1720 p.
661 1676 727 1719 55).

370 1759 377 1766 .
404 1733 462 1767 Ita
487 1733 765 1778 promulgatum
797 1744 929 1778 corpus
954 1732 1208 1768 Alaricianum
1242 1732 1328 1767 inde
1361 1733 1408 1767 ab
1434 1744 1466 1767 a.
1485 1732 1551 1767 506
1575 1743 1642 1777 pro
1674 1732 1757 1776 lege
1788 1730 1861 1766 fuit
1896 1730 2040 1766 civibus
2063 1730 2238 1766 Romanis

403 1790 625 1835 degentibus
650 1790 717 1825 sub
742 1790 894 1836 regibus
912 1790 1208 1836 Wisigothorum
1239 1792 1317 1825 tam
1349 1790 1386 1824 in
1411 1789 1594 1835 Hispania
1620 1801 1730 1833 quam
1763 1788 1800 1822 in
1833 1787 2005 1833 partibus
2030 1787 2238 1824 Galliarum

402 1860 497 1892 quae
526 1847 676 1894 regibus
705 1848 782 1882 illis
814 1848 1007 1893 parebant.
1057 1848 1171 1884 Gothi
1201 1848 1275 1894 ipsi
1307 1850 1403 1884 teste
1436 1847 1576 1882 Isidoro
1607 1847 1707 1892 (hist.
1732 1846 1842 1881 Goth.
1869 1857 1898 1881 c.
1924 1846 1968 1881 35
2001 1845 2124 1881 chron.
2150 1845 2237 1880 min.

403 1906 472 1941 vol.
492 1907 513 1940 2
539 1919 575 1951 p.
593 1907 674 1950 281)
707 1907 773 1941 sub
806 1917 892 1951 rege
918 1905 1050 1941 Eurico
1083 1909 1130 1950 (a.
1153 1907 1360 1950 466—485)
1383 1906 1520 1951 'legum
1548 1905 1725 1940 instituta
1757 1903 1908 1949 scriptis
1940 1903 2077 1938 habere
2111 1915 2238 1948 coepe-

403 1965 515 2004 runt'3
542 1976 585 2000 ex
610 1964 680 1998 hoc
699 1975 850 2009 corpore
868 1964 1064 1999 Euriciano
1088 1963 1158 1998 viri
1183 1964 1284 1999 docti
1309 1963 1463 1999 credunt
1489 1974 1679 2008 superesse
1703 1962 1829 2008 legum
1842 1960 2124 2007 Visigothorum
2141 1961 2238 2005 frag—

402 2023 528 2057 menta
546 2021 724 2057 Parisina.
763 2022 840 2056 Rex
858 2022 1022 2057 Theudis
1041 2022 1250 2066 (531—548)
1269 2020 1574 2057 constitutionem
1599 2019 1643 2054 de
1668 2019 1747 2053 litis
1771 2018 1948 2064 impensis
1972 2029 1994 2053 a
2011 2029 2049 2053 se
2067 2017 2238 2054 emissam

408 2081 503 2115 teste
529 2080 654 2115 codice
680 2079 858 2116 breviarii
882 2080 1103 2126 Legionensi
1134 2080 1167 2115 ei
1191 2079 1346 2114 inseruit
1372 2078 1520 2114 adiecta
1545 2079 1616 2112 hac
1644 2077 1826 2112 clausula:
1853 2076 1962 2111 ‘hanc
1987 2087 2132 2121 quoque
2158 2087 2239 2111 con-

399 2136 647 2172 ‘stitutionem
672 2137 711 2172 in
729 2137 978 2174 Theodosiani
1004 2137 1167 2183 corporis
1189 2137 1285 2173 libro
1304 2139 1436 2181 quarto
1455 2137 1522 2171 sub
1543 2135 1656 2171 titulo
1673 2135 1760 2170 XVI
1782 2133 1966 2170 adiectam
1993 2133 2172 2174 iubemus,
2197 2134 2240 2168 ut

403 2193 586 2229 ‘omnibus
612 2194 705 2231 scire
730 2195 844 2231 liceat
869 2208 965 2241 quae
989 2208 1057 2241 pro
1083 2196 1246 2231 omnium
1271 2195 1391 2230 salute
1417 2195 1568 2230 decreta
1594 2193 1700 2228 sunt'.
1745 2192 1835 2227 Eam
1861 2192 1983 2238 legem
2007 2191 2136 2226 datam
2160 2202 2239 2226 esse

403 2253 481 2286 tam
508 2252 683 2287 Romanis
713 2265 824 2297 quam
850 2254 983 2289 Gothis
1017 2256 1059 2289 ut.
1093 2253 1245 2288 dubium
1272 2265 1344 2287 non
1370 2254 1442 2294 est,
1477 2251 1533 2287 ita
1567 2262 1803 2295 nequaquam
1834 2248 1920 2285 inde
1945 2247 2138 2294 colligitur
2161 2247 2240 2282 bre-

408 2308 565 2344 viarium
597 2309 718 2354 ipsum
747 2311 848 2355 apud
873 2310 1014 2346 iudices
1040 2310 1181 2346 Gothos
1206 2310 1244 2344 in
1269 2323 1337 2345 usu
1366 2309 1495 2350 fuisse;
1528 2308 1654 2354 potuit
1689 2307 1787 2344 enim
1818 2308 1877 2343 lex
1908 2306 1976 2341 illa
2007 2305 2098 2342 item
2128 2304 2240 2341 inseri

405 2366 548 2411 corpori
565 2367 761 2403 Euriciano
787 2371 835 2410 et,
860 2371 902 2403 ut
928 2380 998 2403 non
1024 2367 1073 2403 sit
1099 2367 1248 2409 inserta,
1275 2368 1417 2403 Gothos
1444 2370 1568 2403 tenere
1594 2367 1660 2401 sub
1679 2366 1796 2402 forma
1822 2364 1936 2401 edicti
1952 2363 2061 2410 regis.
2100 2362 2242 2408 Corpus

405 2424 643 2459 Euricianum
676 2424 807 2460 deinde
834 2425 931 2461 idem
957 2425 1118 2460 Isidorus
1144 2426 1180 2468 (1.
1201 2437 1229 2460 c.
1249 2438 1279 2461 c.
1298 2426 1338 2460 51
1367 2438 1402 2470 p.
1421 2425 1502 2470 288)
1534 2424 1589 2460 ait
1614 2423 1851 2460 emendatum
1875 2433 1953 2458 esse
1980 2423 2018 2456 et
2042 2421 2194 2456 auctum
2219 2431 2242 2454 a

406 2493 490 2527 rege
517 2482 735 2528 Leovigildo
762 2484 883 2526 (567—
897 2483 976 2528 586)
1009 2485 1301 2528 revocanturque
1336 2483 1383 2518 ad
1409 2495 1541 2528 corpus
1566 2481 1891 2527 Leovigildianum
1916 2479 2046 2524 capita
2069 2488 2164 2523 quae
2189 2476 2242 2512 in-

407 2539 604 2574 veniuntur
639 2539 778 2575 inserta
814 2540 890 2586 legi
911 2540 1192 2587 Visigothorum
1225 2540 1439 2587 recognitae
1477 2552 1499 2575 a
1533 2538 1781 2575 Recessuindo
1816 2537 2035 2583 (649—672)
2066 2547 2139 2571 non
2173 2534 2240 2569 sub

406 2597 551 2633 nomine
576 2598 674 2643 regis
700 2598 802 2641 certi,
829 2599 892 2633 sed
918 2599 984 2633 sub
1011 2598 1242 2644 praescripto
1267 2599 1425 2643 antiqua.
1468 2598 1560 2633 Tam
1577 2595 1816 2631 Euricianum
1838 2607 1970 2641 corpus
1987 2605 2099 2639 quam
2116 2590 2242 2628 Leovi-

407 2654 615 2700 gildianum
641 2656 728 2691 solis
747 2656 878 2691 Gothis
901 2656 1128 2692 destinatum
1152 2656 1264 2692 fuisse
1290 2668 1362 2691 11011
1388 2655 1592 2701 ambigitur
1616 2654 1744 2698 itaque
1771 2653 1808 2688 in
1834 2665 1901 2688 usu
1927 2663 1970 2687 ea.
1995 2650 2106 2686 fuisse
2132 2648 2241 2684 simul

408 2725 489 2747 cum
507 2713 690 2749 breviario
710 2713 940 2755 Alaricia1103
967 2717 1095 2749 contra
1111 2713 1381 2750 Recessuindus
1402 2714 1446 2756 (2,
1462 2714 1490 2755 1,
1503 2713 1552 2757 8):
1577 2711 1735 2747 ‘alienae
1755 2710 1900 2757 gentis'‚
1926 2708 2059 2754 inquit,
2083 2707 2243 2754 ‘legibus

406 2771 466 2805 ‘ad
493 2771 707 2806 exercitium
732 2771 913 2806 utilitatis
943 2771 1048 2807 inbui
1083 2774 1120 2807 et
1151 2771 1404 2816 permittimus
1436 2774 1473 2806 et
1504 2773 1693 2816 optamus,
1725 2769 1772 2804 ad
1802 2767 2035 2814 negotiorum
2062 2777 2147 2801 vero
2173 2765 2242 2800 dis-

406 2827 620 2863 ‘cnssionem
653 2831 690 2864 et
714 2829 936 2864 resultamus
962 2831 998 2863 et
1024 2829 1277 2874 prohibemus3
1311 2828 1479 2873 quamvis
1506 2827 1603 2863 enim
1628 2826 1784 2872 eloquiis
1809 2826 1992 2872 polleant,
2025 2826 2151 2859 tamen
2175 2822 2243 2857 dif-

406 2884 650 2921 ‘ficultatibus
682 2887 846 2922 haerent.
901 2885 1002 2921 Adeo
1036 2898 1119 2921 cum
1149 2885 1310 2920 sufficiat
1343 2885 1391 2920 ad
1422 2884 1589 2920 iustitiae
1620 2882 1889 2929 plenitudinem
1924 2882 1962 2916 et
1994 2878 2242 2926 perscrutatio

408 2942 605 2978 ‘rationum
632 2946 669 2979 et·
695 2943 973 2989 conpetentium
999 2944 1086 2979 ordo
1114 2943 1321 2985 verborum,
1353 2954 1447 2987 quae
1480 2941 1617 2977 codicis
1648 2940 1758 2976 huius
1786 2939 1896 2975 series
1922 2937 2137 2985 agnoscitur
2161 2948 2243 2972 con-

408 3000 552 3042 ‘tinere,
578 3001 748 3036 nolumus
773 3001 849 3036 sive
875 3001 1050 3036 Romanis
1074 3000 1221 3047 legibus
1246 3012 1309 3036 seu
1335 2999 1467 3035 alienis
1493 2997 1794 3034 institutionibus
1819 2996 1950 3031 amodo
1975 2994 2137 3041 amplius
2162 3005 2243 3030 con-

409 3058 567 3099 ‘vex-ars,
593 3070 665 3093 non
683 3058 823 3093 Gothos
849 3059 954 3099 solos,
981 3059 1043 3093 sed
1068 3057 1183 3093 etiam
1209 3057 1308 3093 cives
1326 3057 1509 3091 Romanos
1534 3055 1571 3090 in
1595 3066 1709 3101 regno
1734 3066 1798 3089 suo
1817 3054 1992 3099 degentes
2008 3063 2073 3088 suo
2091 3062 2243 3097 corpore

411 3115 487 3149 solo
513 3115 568 3149 uti
595 3115 734 3150 iubens.
784 3115 854 3150 Res
880 3127 922 3150 eo
949 3116 1199 3157 confirmatur,
1234 3114 1332 3159 quod
1362 3114 1486 3149 nullus
1514 3111 1690 3147 breviarii
1717 3111 1830 3146 codex
1854 3122 1972 3154 neque
1997 3107 2100 3155 pleni
2125 3119 2242 3152 neque

413 3172 698 3216 epitomatornm
732 3184 775 3207 ex
801 3172 982 3217 Hispania
1014 3172 1177 3207 innotuit
1208 3173 1363 3217 excepto
1389 3169 1607 3216 Legionensi
1639 3168 1705 3203 illo
1736 3167 1814 3202 sine
1847 3167 1959 3202 dubio
1985 3165 2125 3212 scripto
2155 3167 2242 3200 ante

412 3228 707 3265 l-lecessuindum.

382 3314 388 3321 .
416 3287 508 3321 Usus
539 3287 690 3322 forensis
716 3287 897 3322 Breviarii
923 3286 1130 3321 Alariciani
1157 3285 1250 3328 sive,
1281 3287 1323 3320 ut
1354 3285 1572 3330 plerumque
1597 3283 1828 3328 appellatur,
1861 3283 1944 3327 quis
1971 3282 2157 3318 Romanae
2181 3291 2243 3326 po-

414 3344 596 3379 tissimum
628 3348 665 3380 et
692 3344 813 3390 viguit
839 3347 876 3380 et·
901 3343 1050 3379 duravit
1080 3343 1118 3378 in
1143 3343 1314 3389 partibus
1339 3342 1545 3377 Galliarum
1571 3340 1618 3375 iis
1643 3352 1737 3385 quae
1763 3343 1829 3377 aut
1853 3340 1956 3376 nullo
1981 3343 2147 3384 tempore
2177 3339 2244 3374 aut
