2485 3615
1189 161 1488 198 —CXIV—

518 264 546 305 1,
562 265 616 305 34,
631 265 662 307 3,
678 267 718 301 *5
744 266 890 311 iudicis]
917 266 1066 301 maioris

514 323 545 362 2,
563 323 591 365 1,
605 323 636 364 8,
654 324 669 358 l
743 323 900 369 pasifilo]
925 322 1109 368 farsipilio
1135 323 1223 368 (sere
1246 335 1325 358 cum
1350 324 1467 359 Paris.
1486 330 1577 360 4403
1591 325 1640 364 A)

514 380 545 422 2,
560 381 591 422 4,
609 381 637 421 1,
652 383 673 416 6
744 381 927 426 omnibus]
953 380 1164 416 hominibus

653 439 672 472 7
743 438 803 483 ne]
829 450 895 473 nec
920 439 1014 481 (cam
1039 438 1263 482 Montispess.
1281 440 1342 482 84)

630 495 671 530 15
741 494 944 540 excipiant]
971 494 1147 530 exibeant

515 553 546 593 2,
560 552 591 593 4,
605 552 636 593 4,
649 552 670 586 5
741 553 922 598 tempora]
949 554 1115 598 tempore

654 611 693 644 1*
745 609 1079 655 conuersationem]
1107 611 1442 656 [contestationem]

539 693 545 708 ,
586 664 674 707 ,5,3
745 669 832 703 ante
858 667 993 713 omnia]
1019 672 1132 704 antea

540 750 546 762 ,
586 724 641 764 ‚6.
657 725 722 759 *14
746 727 812 760 aut
837 725 939 770 ordo]
967 728 1072 762 actos
1097 726 1184 761 dum

539 808 546 821 ,
559 781 591 821 4,
605 782 636 822 7,
652 782 690 816 *1
745 782 980 829 praestolari]
1007 784 1189 828 postulari

539 865 545 878 ‚
562 838 613 879 14,
629 839 727 880 1,*11
748 839 936 886 prodigos]
965 841 1131 886 proditos

539 922 545 936 ,
589 896 665 934 7,1,
681 897 723 932 *4
748 899 786 932 et
811 898 958 943 natura]
985 898 1100 934 etiam
1125 901 1293 935 maturae

659 954 723 989 *13
748 955 942 1001 percepta]
967 958 1140 1001 procerta

661 1013 724 1047 *16
750 1012 788 1047 in
812 1013 996 1059 omnibus]
1023 1013 1235 1050 nominibus

516 1068 546 1110 2,
561 1068 614 1109 22,
633 1069 698 1111 1,4
744 1070 970 1116 agnationis]
997 1071 1157 1107 actionis

676 1128 696 1161 6
745 1127 912 1174 sortitus]
939 1128 1191 1174 [constitutus]

518 1183 548 1224 2,
563 1183 617 1225 26,
633 1185 662 1226 2,
677 1185 699 1219 4
746 1184 927 1231 inreptos]
956 1186 1127 1231 [ereptos]

676 1243 696 1277 5
745 1243 844 1288 acta]
871 1246 959 1279 acta
983 1244 1074 1279 data
1097 1249 1118 1279 2

517 1298 548 1338 2,
564 1299 618 1340 28,
636 1300 664 1339 1,
680 1300 701 1334 6
748 1313 771 1335 u
797 1300 859 1346 id.]
887 1300 939 1346 [ui
963 1301 1026 1346 id.]
1052 1306 1073 1336 2

518 1356 549 1396 2,
560 1357 615 1398 29,
632 1357 662 1397 2,
679 1357 719 1391 *2
747 1357 946 1404 discedere]
973 1359 1141 1396 decidere

680 1416 720 1449 *5
751 1415 951 1462 debuisset]
977 1429 1050 1452 non
1076 1417 1265 1454 debuisset
1290 1418 1389 1461 (inde
1411 1418 1578 1453 Cametas
1605 1421 1701 1462 1586)

519 1471 551 1512 3,
569 1473 596 1512 1,
613 1472 643 1514 2,
659 1472 679 1506 8
752 1476 933 1518 currente]
959 1475 1176 1512 decurrente
1202 1475 1298 1519 (inde
1327 1476 1404 1512 Οτι-ι’.
1424 1478 1530 1519 1586)

749 1529 942 1575 cuniculis]
970 1532 1181 1578 [conecolis]

747 1587 858 1633 curis]
887 1588 1025 1634 [curiis]

747 1644 920 1690 flauiano]
950 1645 1114 1691 [flauino]
1144 1647 1179 1681 P

748 1702 947 1748 arbitratu]
975 1703 1130 1740 arbitrio

749 1759 876 1806 initus]
906 1762 1051 1807 [metus]

752 1818 852 1864 patri
880 1819 995 1865 (patri
1020 1823 1086 1856 aut
1108 1821 1214 1867 Gai.)]
1241 1821 1340 1867 patri
1366 1824 1433 1857 aut
1458 1821 1569 1857 matri
1595 1820 1690 1864 (inde
1711 1820 1788 1856 Cui.
1808 1822 1904 1864 1586)

748 1877 970 1923 transcurso]
997 1878 1047 1924 [111
1073 1880 1299 1924 transcursu]

749 1936 834 1979 post
860 1935 1124 1981 definitionem]
1150 1949 1186 1982 p.
1206 1937 1238 1972 d.
1265 1937 1296 1971 si
1322 1938 1426 1973 aetas
1452 1935 1622 1982 permisit
1646 1941 1667 1971 2
1692 1935 1790 1980 (inde
1816 1935 1895 1971 Gai.
1914 1937 2011 1979 1586)

532 690 534 692 -
562 667 583 701 4

562 724 583 757 4

515 844 522 853 ι

517 861 535 871 u

515 667 537 929 [Quint-0¹0

517 1642 538 1677 φο
516 1586 537 1620 02

541 1586 594 1686 2-3-

608 1586 640 1685 ..0³:⁸⁸

519 1816 550 1858 ,ω
517 1759 548 1801 „02

566 1759 597 1858 ἐπὶ*

611 1759 643 1859 „0¹5¹

636 1529 677 1969 comm-menaea&

517 1989 594 2032 3,5‚
612 1990 663 2032 13,
679 1991 719 2026 *3
749 1994 787 2028 et
812 1992 859 2035 si]
886 2005 951 2029 nec
976 1993 1008 2029 si
1034 1994 1134 2038 (inde
1155 1995 1230 2030 Gai.
1250 1997 1352 2039 1586)

519 2047 551 2087 3,
566 2049 597 2089 6,
614 2048 642 2090 1,
661 2049 701 2084 14
750 2049 809 2094 ob]
836 2049 933 2087 inter
958 2056 978 2085 2

519 2106 551 2143 3,
566 2105 597 2145 8,
613 2106 677 2147 2,1
752 2107 854 2151 floro]
880 2107 1016 2144 flebiuo
1041 2109 1135 2154 (own
1161 2109 1281 2145 Paris.
1297 2114 1386 2146 4403
1400 2111 1450 2153 A)
1478 2130 1520 2136 —
1545 2109 1713 2146 florentio
1739 2113 1760 2143 2

515 2174 549 2207 p.
567 2163 675 2204 145,5
748 2164 811 2199 xui
836 2165 925 2209 kal.]
951 2164 1014 2201 xui
1039 2166 1115 2201 kal.
1144 2171 1165 2201 2
1188 2170 1219 2202 et
1245 2166 1296 2202 xii
1322 2166 1396 2202 kal.
1423 2172 1443 2201 2
1468 2167 1533 2210 (sic
1557 2170 1687 2210 errore)

520 2220 551 2260 3,
567 2220 598 2261 8,
611 2220 679 2262 3,3
751 2221 866 2268 uitae]
895 2222 1009 2268 [uitae
1035 2224 1138 2269 suae]

657 2280 678 2313 6
748 2292 771 2314 x
797 2279 886 2325 kal]
911 2280 963 2315 xii
988 2281 1062 2317 kal.
1089 2287 1110 2316 2

521 2336 552 2372 3.
571 2337 621 2377 11,
640 2338 667 2379 1,
682 2338 702 2372 5
751 2337 894 2383 inuitis]
919 2339 1070 2374 deletum

681 2396 703 2430 9
751 2395 782 2430 si
808 2395 919 2443 circa]
947 2396 1084 2442 [sciret]

660 2453 700 2487 *7
748 2466 815 2499 per
839 2453 1013 2500 iudicem]
1039 2467 1148 2500 super
1173 2455 1297 2492 iudice

636 2511 700 2546 *16
748 2511 872 2556 fuerit]
902 2513 986 2557 [non
1010 2512 1136 2557 fuerit]

637 2570 701 2604 *22
749 2568 863 2615 idem]
890 2569 1029 2606 ibidem
1053 2570 1150 2614 (elom
1175 2569 1260 2604 dett.
1279 2569 1388 2613 Iust.)

522 2624 554 2665 3,
572 2627 623 2667 12,
638 2626 668 2668 2,
685 2627 705 2661 3
753 2627 932 2672 mulieris]
960 2627 1137 2671 [mulieris
1162 2627 1254 2672 eius]

523 2683 554 2723 3,
573 2684 625 2725 17,
640 2685 671 2724 2,
687 2685 707 2719 2
754 2685 911 2730 recuset]
940 2686 1115 2731 [reuocet]

523 2740 544 2775 3
573 2741 614 2775 17
639 2742 660 2776 3
685 2742 707 2776 4
754 2742 949 2788 retent-ari]
977 2742 1154 2787 [retineri]
1181 2742 1354 2787 (similiter
1378 2741 1495 2776 Paris.
1514 2740 1614 2785 4411)

664 2799 701 2834 11
753 2811 775 2834 a·
800 2800 914 2845 metu]
942 2800 989 2836 ab
1015 2812 1058 2836 eo
1083 2800 1181 2844 (cu-m
1205 2799 1322 2834 Paris.
1342 2799 1444 2844 4411)

615 2856 679 2898 4,1
756 2857 917 2893 officium
943 2857 1128 2902 censuale]
1155 2857 1319 2893 ordinem
1347 2856 1555 2892 censualem

616 2914 636 2949 5
661 2915 682 2948 2
753 2915 915 2960 scriptae
947 2915 970 2950 i.
997 2928 1040 2951 ac
1073 2929 1098 2951 5.
1125 2914 1353 2959 uoluntates]
1391 2913 1545 2960 [scripta
1578 2913 1600 2948 i.
1626 2924 1670 2948 ac
1702 2926 1727 2948 s.
1754 2910 1974 2956 uoluntatis]
2007 2915 2029 2946 2
2064 2910 2240 2955 (similiter

800 2973 917 3009 Paris.
935 2977 1026 3008 4403
1037 2974 1088 3018 Α)

664 3031 685 3064 4
756 3030 816 3074 [ad
842 3042 906 3065 nos
931 3030 1010 3074 om]

525 3144 557 3186 4,
574 3144 604 3184 6,
619 3143 650 3185 8,
663 3145 685 3179 4
755 3145 885 3190 nuper]
911 3144 1018 3180 nobis
1042 3145 1135 3187 (cum
1159 3144 1278 3178 Paris.
1298 3144 1400 3185 4412)

664 3202 684 3236 5
756 3201 878 3248 iustis]
904 3201 1085 3248 legitimis

527 3260 558 3299 4,
573 3260 605 3300 8,
620 3260 651 3300 5,
665 3260 686 3294 5
758 3261 992 3306 cunctantes]
1019 3261 1238 3296 cunctanter

666 3319 687 3352 6
758 3318 953 3364 ducantur]
980 3318 1209 3354 deducantur
1236 3315 1331 3361 (inde
1358 3315 1435 3351 Oai.
1455 3316 1552 3358 1586)

647 3378 689 3413 16
761 3376 941 3423 indicant]
967 3376 1095 3413 dicant
1118 3379 1139 3412 2
1163 3373 1259 3418 (inde
1280 3374 1358 3410 Cui.
1376 3374 1476 3417 1586)
