2501 3615
982 143 1025 149 —
1073 122 1249 160 CCCXIX
1297 143 1342 149 —

194 228 328 273 quibus
352 228 497 263 statuta
522 238 704 262 canonum
735 239 820 262 cuin
856 227 1004 273 legibus
1029 227 1204 263 Romanis
1231 228 1429 264 coniuncta
1453 231 1574 270 erant,
1607 229 1862 271 adhibuerint,
1895 231 1983 276 quia
2015 232 2118 266 illius

194 286 371 332 temporis
398 285 552 320 minima
578 288 815 320 monumenta
843 286 890 320 ad
917 298 981 321 nos
1008 289 1264 331 pervenerunt,
1292 286 1329 320 in
1356 286 1468 321 dubio
1494 287 1712 331 relinquam.
1760 288 2005 324 conciliorum
2032 290 2115 324 Ger-

194 343 340 379 maniae
367 347 406 380 ut
426 343 583 378 vidimus
610 356 720 377 unuin
740 344 1047 389 Moguntiacense
1066 356 1098 379 a.
1114 346 1180 378 {588
1198 345 1380 388 quendam
1400 347 1542 380 textum
1562 345 1726 390 praebet,
1746 345 1809 389 qui
1828 358 1909 380 cum
1928 347 2117 381 Breviario

194 401 349 438 conferri
375 404 510 447 potest.
559 401 630 436 Sed
656 401 836 436 incertum
863 404 921 437 est
946 414 1033 436 1111111
1060 403 1184 447 patres
1211 402 1358 437 concilii
1385 414 1444 443 ea,
1479 414 1573 447 quae
1599 402 1665 438 illo
1692 415 1830 438 canone
1856 404 2116 445 ordinaverint,

193 472 237 495 ex
262 460 343 505 ipso
370 459 557 495 Breviario
582 459 783 494 hauserint.
832 460 998 495 Chartae
1033 459 1070 494 111
1099 459 1269 505 partibus
1294 460 1512 496 Germaniae
1538 462 1729 496 confectae
1754 461 1894 496 nullam
1922 461 2009 496 iuris
2034 464 2116 499 Bre-

194 517 301 553 viarii
335 517 560 553 mentionem
591 518 711 553 facere.
738 517 925 552 videntur.
975 517 1045 552 Sed
1076 518 1114 552 in
1147 517 1276 563 paucis
1305 517 1523 554 Germaniae
1548 519 1852 554 monasteriorum
1878 519 2118 555 bibliothecis

191 575 369 621 quosdam
401 574 582 610 Brevi-arii
614 574 832 619 praesertim
858 574 1105 620 epitomaruni
1131 575 1275 610 codices
1309 575 1420 611 fuisse
1453 579 1609 611 constat.
1658 576 1711 612 De
1737 575 1872 621 quibus
1897 576 1992 611 infra
2017 578 2118 613 brevi

193 645 356 679 agemus.
399 633 493 668 Item
515 632 559 668 de
578 631 667 666 iuris
686 631 843 668 Romani
865 634 1053 677 potestate
1080 631 1117 666 in
1135 632 1462 668 Raetia-Curicnsi
1487 637 1524 669 et
1551 634 1587 668 in
1606 633 1729 669 Tirole
1754 633 1997 675 meridionali,
2024 647 2117 678 quae

195 692 294 726 certe
324 689 475 726 ineunte
507 690 654 726 saeculo
685 689 895 729 undecimo,
931 690 1086 725 fortasse
1118 689 1192 724 iam
1228 689 1458 735 temporibus
1483 691 1630 726 Ottouis
1656 691 1766 736 primi
1797 703 1868 726 non
1895 691 2028 727 ltaliae
2054 693 2117 727 sed

191 759 305 794 regno
330 747 548 784 Germanico
574 747 891 783 adnumerabatur
906 750 940 791 ¹),
966 750 1056 792 apto
1083 747 1164 782 loco
1191 746 1421 783 disseremus.

307 805 413 841 Nunc
437 805 582 851 placita
609 804 928 849 instrumentaque
954 803 1216 847 tractabimus,
1246 817 1341 849 quac
1368 805 1547 840 Brevi-arii
1579 808 1618 841 et
1649 806 1686 841 111
1716 807 1793 842 foro
1826 809 1864 841 et
1896 806 1930 841 in
1958 807 2116 853 nogotiis

191 862 351 909 privatis
383 875 488 898 usum
519 863 784 899 demonstrant.
834 862 959 897 Pauca
984 862 1099 897 etiam
1126 862 1169 898 de
1195 874 1315 898 rerum
1341 862 1585 908 scriptoribus
1611 863 1782 900 dicemus.
1831 864 2116 900 Animadvertas

191 921 376 966 quaedam
402 933 526 956 eorum
554 919 782 955 Brevi-arium
806 919 942 965 ‘legem
961 918 1278 960 Theodosianam'‚
1304 920 1412 965 ‘legis
1432 920 1712 957 Theodosianae
1740 921 1875 963 libros‘‚
1901 922 2117 957 ‘Theodosii

191 979 368 1022 decreta’,
403 979 538 1014 ‘libros
568 977 816 1014 Theodosiani
850 979 887 1013 et
914 977 1201 1022 Hermogeniani
1238 989 1301 1012 seu
1338 978 1518 1023 Papiani‘
1549 978 1749 1014 nominare.
1806 979 1994 1019 Quaedam
2034 991 2117 1015 vero

189 1036 324 1083 ‘legem
343 1035 560 1072 Romanam'
575 1038 791 1077 memorant,
809 1047 966 1079 quarum
991 1034 1222 1079 antiquiores
1247 1036 1295 1070 ad
1322 1035 1445 1081 ipsum
1463 1035 1696 1071 Breviarium
1716 1037 1915 1082 pertinent.
1943 1038 2118 1082 posterio-

190 1106 247 1130 res
275 1106 360 1130 vero
386 1093 443 1129 ius
470 1095 675 1129 Romanum
700 1092 884 1134 indicant.
918 1093 1016 1138 quod
1047 1092 1085 1128 in
1110 1092 1187 1128 illis
1212 1093 1426 1139 regionibus
1453 1094 1717 1129 consuetudine
1749 1106 1820 1129 11011
1851 1095 1968 1129 solum
1994 1107 2117 1130 secun-

190 1152 277 1187 dum
307 1151 372 1188 sed
403 1151 518 1188 etiam
552 1155 702 1197 praeter
726 1151 784 1187 vel
815 1153 944 1186 contra
975 1151 1032 1186 ius
1063 1150 1243 1196 scriptum
1281 1151 1438 1187 exstitit.
1489 1154 1614 1196 Aeque
1650 1151 1750 1186 illius
1781 1152 1960 1197 temporis
1985 1153 2116 1188 instru-

189 1211 397 1246 mentorum
427 1209 738 1254 formularumque
765 1209 878 1244 verba
908 1209 1010 1255 ‘lege
1037 1208 1172 1244 Salica'
1206 1209 1265 1244 vel
1299 1209 1400 1255 ‘lege
1428 1209 1624 1245 Gombata‘
1658 1209 1717 1245 vel
1749 1210 1847 1255 ‘lege
1879 1207 2011 1245 Gotha'
2044 1222 2115 1245 11011

191 1266 339 1303 omnino
364 1267 412 1302 ad
436 1266 611 1312 antiquas
634 1267 737 1312 leges
762 1266 922 1312 script-as
945 1266 1137 1302 referenda
1162 1269 1248 1302 sunt
1272 1267 1335 1301 sed
1361 1266 1399 1301 in
1426 1266 1505 1301 dies
1530 1266 1650 1313 magis
1674 1266 1730 1301 ius
1751 1267 2114 1302 consuetudinarium

190 1326 362 1368 laudant,
392 1325 491 1370 quod
523 1324 560 1359 in
591 1324 669 1360 illis
698 1324 914 1370 regionibus
941 1324 1117 1370 antiquas
1142 1325 1242 1369 leges
1268 1325 1326 1360 vel
1352 1324 1497 1359 adiuvit
1523 1324 1581 1360 vel
1607 1324 1799 1370 supplevit
1825 1325 1882 1359 vel
1909 1325 2110 1367 correxit.²)

227 1402 257 1436 1.
282 1399 406 1436 Primo
424 1399 596 1446 Gregorii
614 1400 837 1436 Turonensis
862 1399 1088 1436 mentionem
1105 1399 1294 1435 faciemus.
1337 1400 1464 1436 Refert
1489 1399 1527 1434 in
1545 1399 1704 1435 historia
1722 1400 1945 1435 Francorum
1964 1401 2039 1444 [IV‚
2058 1401 2113 1445 46]

281 1457 534 1494 Andarchium
565 1457 751 1502 quendam
783 1469 929 1492 servum
959 1457 1017 1493 ‘de
1051 1457 1146 1504 legis
1178 1457 1458 1494 Theodosianae
1495 1457 1613 1493 libris'
1642 1457 1828 1493 eruditum
1864 1458 2018 1502 fuisse.³)
2074 1459 2115 1492 111

283 1515 380 1551 Vitis
410 1517 561 1561 patrum
593 1515 705 1561 [VHL
731 1515 764 1561 5]
803 1518 1070 1551 testamentum
1103 1515 1223 1551 sancti
1256 1515 1397 1551 Nicetii
1429 1515 1684 1561 Lugdunensis
1723 1515 1891 1561 episcopi
1928 1527 2023 1551 anno
2049 1517 2115 1550 573

280 1574 380 1619 ‘post
405 1573 492 1615 dies,
519 1585 611 1618 quas
636 1573 697 1609 lex
721 1573 888 1608 Romana
913 1573 1087 1609 sancivit’
1111 1575 1283 1619 apertum
1314 1586 1391 1609 esse
1401 1575 1427 1616 4)
1452 1573 1560 1616 dicit,
1587 1585 1745 1618 quocum
1770 1574 1828 1608 Br.
1848 1573 1953 1608 Paul.
1973 1573 2033 1615 IV,
2050 1575 2080 1614 6,
2095 1575 2115 1607 2

283 1631 546 1667 conferendum
570 1632 638 1667 est.
679 1630 892 1666 Clausulam
909 1631 1123 1666 ‘secundum
1142 1631 1242 1678 leges
1259 1631 1457 1666 Romanas’
1475 1630 1589 1666 etiam
1607 1631 1721 1666 Gesta
1739 1630 1942 1675 Dagoberti
1958 1632 1994 1676 ὃ),
2022 1642 2114 1665 00111-

280 1689 416 1736 pilatio
441 1689 510 1724 illa
534 1689 676 1725 saeculi
699 1689 750 1723 IX
777 1689 959 1729 confecta,
986 1689 1030 1724 de
1057 1688 1161 1724 cuius
1186 1689 1255 1725 fide
1276 1689 1383 1724 valde
1409 1689 1616 1730 dubitatur,
1642 1688 1876 1733 Aimoniique
1902 1688 2113 1731 mouachiss)

282 1746 528 1783 Floriacensis
559 1749 667 1793 gesta
697 1747 922 1782 Francorum
956 1748 1147 1793 praebent.
1204 1747 1368 1792 Uterque
1399 1748 1553 1783 fortasse
1587 1748 1793 1792 fragmento
1821 1746 2002 1781 Breviarii
2036 1748 2110 1793 [ΒΓ.

281 1806 385 1841 Paul.
404 1805 469 1848 III,
488 1806 520 1849 7,
540 1807 557 1840 1
585 1804 666 1851 int.]
693 1804 872 1850 nititur.⁷)

223 1871 255 1905 2.
281 1870 561 1906 Testamentum
591 1869 896 1916 Burgundofarae
929 1869 968 1904 111
1002 1870 1167 1904 favorem
1202 1869 1419 1906 monasterii
1450 1869 1705 1905 Eboriacensis
1739 1867 1990 1914 conscriptum
2017 1869 2111 1913 (632)

280 1927 397 1963 habet
422 1928 535 1963 verba
559 1927 610 1962 ‘in
635 1928 718 1973 lege
741 1939 887 1973 quoque
913 1927 1230 1972 Theodosiana'.⁸)

227 1993 258 2027 3.
283 1991 451 2038 Scriptor
476 1991 576 2028 vitae
602 2004 629 2026 s.
648 1991 835 2027 Praeiecti
860 1991 1027 2037 episcopi
1046 1991 1285 2027 Arvernensis
1310 1994 1348 2026 et
1373 1991 1547 2037 martyris
1573 1990 1670 2026 circa
1695 2003 1831 2025 annum
1857 1991 1924 2025 674
1949 1989 2113 2025 defuncti

282 2049 395 2086 refert
419 2048 635 2095 episcopum
659 2048 766 2084 iuxta
791 2051 936 2085 statuta
962 2061 1143 2085 canonum
1160 2050 1219 2085 vel
1243 2050 1388 2095 ‘legem,
1407 2061 1502 2094 quae
1520 2048 1657 2084 dicitur
1673 2046 1848 2084 Romana'
1870 2048 1947 2094 [cfr.
1965 2048 2024 2082 ΒΥ.
2044 2047 2110 2081 Th.

281 2108 329 2150 ΙΙ,
345 2108 378 2152 8,
398 2107 435 2153 2]
459 2107 618 2142 sabbato
643 2109 730 2143 ante
755 2107 938 2142 Pascham
963 2107 1003 2142 in
1028 2107 1207 2143 iudicium
1234 2107 1357 2143 venire
1383 2106 1586 2150 noluisse.⁹)

224 2172 257 2206 4.
281 2170 473 2206 Bonitium
499 2171 714 2217 episcopum
741 2171 1082 2214 Claromontanum,
1116 2171 1181 2216 qui
1205 2183 1300 2206 anno
1326 2172 1392 2205 709
1417 2169 1591 2213 decessit,
1623 2169 1840 2205 ‘Theodosii
1874 2168 2042 2205 decretis‘
2075 2168 2112 2203 id

281 2231 339 2265 est
361 2228 554 2265 Breviario
579 2229 750 2264 edoctum
775 2228 888 2264 fuisse
912 2240 1116 2274 anonymus
1144 2228 1244 2264 vitae
1270 2229 1348 2264 eius
1374 2231 1503 2264 auctor
1528 2229 1713 2271 narrat.¹⁰)

307 2346 332 2387 ι)
356 2347 427 2380 Diu
450 2347 535 2380 fines
559 2347 647 2379 inter
664 2347 798 2379 Italiam
823 2352 856 2380 et
872 2348 1114 2380 Germanicum
1140 2358 1284 2390 regnum
1310 2347 1429 2379 incerti
1455 2350 1562 2378 erant.
1604 2345 1745 2388 Dilapso
1771 2356 1876 2388 regno
1895 2344 2109 2386 Carolingico

188 2394 324 2426 saeculo
349 2394 479 2427 decimo
504 2393 657 2426 marchia
682 2394 863 2426 Bernensis
889 2394 1008 2426 Italiae
1033 2394 1298 2426 adscribebatur.
1346 2393 1400 2425 Ab
1425 2404 1513 2424 anno
1539 2392 1606 2423 9:32
1630 2403 1710 2423 vero
1736 2391 1949 2424 marchiones
1976 2392 2110 2422 natione

188 2441 381 2473 Germanici
405 2440 531 2472 ibidem
556 2440 695 2482 negotia
718 2445 902 2482 gesserunt
925 2441 1072 2482 ducique
1088 2441 1256 2472 Bavariae
1282 2445 1398 2482 postea
1423 2439 1475 2470 illi
1492 2438 1684 2471 Cariiithiae
1710 2438 1838 2470 subditi
1863 2442 1970 2469 erant.
2011 2438 2110 2468 Anno

193 2485 276 2518 1027
303 2487 484 2519 Conradus
501 2487 535 2518 11
559 2487 716 2529 episcopo
733 2486 933 2519 Tridentino
958 2487 1157 2519 comitatum
1176 2487 1426 2525 Tridentinuxn,
1453 2485 1512 2526 qui
1537 2495 1615 2526 pars
1633 2485 1805 2516 marchiae
1823 2484 2003 2515 Ber-nensis
2028 2489 2108 2522 erat,

187 2533 494 2566 administrandum
517 2533 663 2564 tradidit.
705 2533 865 2575 Exceptis
890 2533 1065 2565 nonnullis
1090 2533 1286 2576 regionibus
1312 2532 1376 2564 hoc
1399 2532 1616 2570 territorium,
1642 2531 1670 2562 si
1696 2541 1764 2562 non
1789 2530 1832 2562 ab
1858 2540 1947 2562 anuo
1973 2528 2049 2568 9512,
2076 2534 2111 2560 at

188 2585 279 2613 certe
309 2580 351 2612 ab
382 2589 472 2612 anno
499 2576 585 2612 1027
618 2579 662 2611 ad
691 2590 836 2621 regnum
861 2580 1089 2612 Teutonicum
1119 2579 1319 2621 pertinebat.
1368 2577 1510 2610 Saeculo
1543 2577 1741 2620 duodecimo
1775 2577 1923 2609 edictum
1948 2576 2109 2608 Friderici

189 2624 307 2668 (1152)
339 2626 539 2658 Tridentum
571 2625 668 2667 regni
697 2625 879 2658 Teutonici
913 2626 1086 2658 civitatem
1120 2626 1280 2657 nominat.
1335 2625 1395 2657 cfr.
1423 2624 1549 2666 Durig,
1584 2624 1677 2656 Uber
1708 2623 1760 2655 die
1794 2622 2107 2655 staatsrechtlichen

187 2673 430 2715 Beziehungen
456 2672 515 2704 des
539 2671 777 2704 italienischen
801 2672 1057 2704 Landestheiles
1082 2683 1149 2703 von
1166 2672 1259 2703 Tirol
1286 2682 1327 2702 zu
1346 2670 1581 2703 Deutschland
1607 2670 1677 2701 und
1703 2668 1947 2710 'rir01(18⁶54);
1977 2669 2113 2709 Stumpt'

188 2719 223 2751 in
247 2717 506 2761 ‘Forschungen
539 2729 601 2750 zur
635 2718 820 2750 deutschen
852 2715 1069 2751 Geschichte’
1092 2719 1166 2759 XV,
1188 2716 1268 2758 1593
1301 2717 1413 2749 Waitz
1439 2717 1467 2748 V
1477 2716 1500 2758 ²,
1521 2715 1601 2756 1513
1628 2716 1674 2747 VI
1684 2715 1707 2755 ²,
1725 2714 1809 2755 370;
1847 2715 1910 2747 Th.
1930 2715 2041 2747 Sickel
2074 2715 2108 2745 in

187 2765 326 2798 IOeGF.
343 2765 400 2805 VI,
422 2764 487 2797 125
511 2768 545 2796 et
568 2770 648 2797 tom.
673 2764 784 2807 suppl.
804 2765 846 2805 ΙΙ,
868 2764 931 2796 102
945 2776 994 2806 sq.

303 2821 331 2865 ²)
355 2822 469 2855 Stouff
492 2821 514 2853 l.
532 2832 561 2854 c.
586 2819 618 2854 9.
646 2820 697 2854 10.

305 2874 333 2916 ²)
359 2876 405 2906 M.
424 2875 465 2907 G.
484 2874 540 2906 SS.
558 2884 620 2906 rer.
641 2873 769 2906 Merov.
788 2874 812 2913 Ι,
835 2872 909 2906 180.
958 2874 1025 2906 cfr.
1053 2873 1148 2906 Sav.²
1173 2875 1216 2912 11,
1237 2871 1320 2912 123;
1346 2873 1485 2914 Fifflng,
1512 2872 1671 2914 Anfange
1697 2870 1775 2903 16⁰.

305 2925 334 2969 4’)
359 2927 405 2958 Μ.
423 2927 464 2959 G.
490 2925 571 2958 ibid.
590 2927 615 2966 I,
633 2923 710 2958 695.

307 2978 335 3018 ⁵)
360 2979 406 3010 M.
425 2979 466 3011 G.
484 2977 565 3010 ibid.
582 2978 625 3018 11,
643 2975 709 3009 399
723 2988 772 3019 sq.

305 3030 334 3071 ο)
359 3030 487 3072 Migne‚
512 3029 638 3062 Patrol.
663 3029 723 3062 lat.
749 3029 936 3069 CXXXIX,
962 3027 1028 3062 627
1042 3039 1092 3071 sq.

305 3081 334 3124 ⁷)
360 3083 420 3114 cfr.
446 3082 544 3114 Sav.²
569 3082 612 3120 ΙΙ,
631 3079 726 3114 llos.

306 3134 334 3176 Β)
357 3134 552 3173 Pardessus,
578 3133 772 3176 Diplomata
796 3133 936 3166 chartae
961 3138 1023 3166 etc.
1051 3131 1168 3173 (1849)
1195 3133 1237 3170 ΙΙ,
1256 3131 1298 3165 15
1311 3144 1360 3174 sq.
1409 3133 1477 3164 Cfr.
1503 3132 1600 3163 Sav.²
1626 3132 1667 3170 11,
1688 3128 1764 3163 119.

306 3193 332 3231 ⁹)
357 3193 446 3225 Acta
467 3196 662 3224 sanctorum
686 3191 839 3223 Bolland.
864 3189 919 3223 25.
937 3192 1007 3223 Ian.
1034 3201 1066 3233 p.
1084 3189 1161 3222 632.
1209 3191 1335 3222 Conrat
1359 3191 1384 3228 Ι,
1405 3188 1480 3222 14³.

293 3249 336 3292 ¹⁰)
361 3249 538 3285 Mabillon,
556 3250 644 3281 Acta
660 3254 855 3281 sanctorum
873 3249 941 3280 ord.
961 3259 986 3281 s.
1001 3248 1124 3281 Bened.
1139 3259 1226 3280 saec.
1240 3249 1289 3280 ΙΙΙ
1313 3249 1338 3283 Ι,
1354 3246 1411 3286 793
1438 3247 1532 3279 Sav.²
1551 3248 1575 3282 I,
1591 3245 1672 3285 46:·›;
1699 3247 1837 3288 Fitting,
1855 3246 2014 3289 Anfange
2028 3244 2069 3278 17
2079 3251 2103 3278 θ.

189 3296 323 3338 Quibus
347 3296 520 3338 Fittingus
543 3295 566 3327 l.
585 3306 612 3327 0.
638 3295 732 3327 addit
755 3295 982 3337 fragmentum
1007 3295 1097 3327 vitae
1122 3295 1154 3327 S.
1173 3294 1339 3327 Desiderii
1362 3294 1579 3326 Caturcensis
1606 3293 1754 3336 episcopi
1779 3291 2013 3335 <kiza-654),
2038 3303 2104 3334 quo

188 3349 309 3376 auctor
332 3343 529 3386 episcopum
552 3341 669 3384 legum
693 3342 922 3374 Romanarum
948 3341 1159 3384 indagationi
1184 3341 1354 3373 studuisse
1382 3340 1563 3373 contendit.

2206 809 2225 840 I
2227 809 2339 841 'laclia

2155 855 2389 888 instrumenta-

2151 913 2212 944 que
2230 908 2259 934 ct
2276 914 2391 934 rerum

2178 949 2366 990 scriptores.
