2501 3615
981 158 1263 194 —XCV—

158 261 292 296 nostris
316 260 421 296 libris
446 261 586 297 habent
611 260 680 296 soli
706 261 792 296 libri
820 261 923 296 NLS
944 261 1142 297 omisimus,
1191 260 1410 307 Speciminis
1436 263 1560 296 tamen
1587 272 1699 296 causa
1724 262 1793 297 hoc
1819 262 1900 298 loco
1929 263 1967 298 in
1992 266 2082 300 nota

157 318 379 355 subiecimus
404 330 466 354 eas
491 318 538 354 ad
564 318 700 354 librum
727 318 895 364 primum,
922 322 963 354 ut
988 319 1166 365 leguntur
1190 319 1228 354 in
1254 318 1359 354 libris
1386 319 1500 363 NL.¹)

804 458 835 499 Ι.
878 457 1043 499 LIBRI
1074 457 1432 501 DECVRTATI.

270 544 451 581 Breviarii
482 545 599 580 forma
630 543 802 580 breviata
828 544 902 584 vel,
938 546 979 579 ut
1011 554 1093 578 eam
1123 543 1319 588 appellant
1349 543 1583 589 praescripta
1615 543 1784 580 codicum
1809 543 1969 579 Parisini
1993 545 2084 579 4412

155 606 195 640 et
212 603 387 639 Vaticani
412 614 487 648 reg.
505 602 603 642 1023,
628 602 818 636 sententiae
841 612 920 635 cum
944 600 1066 635 diebus
1089 604 1121 634 et
1144 600 1386 635 consulatibus
1410 605 1591 646 aum-ptae
1616 612 1696 636 cum
1719 602 2082 645 interpretationibus,

157 661 320 698 traditur
344 672 427 696 cum
452 659 573 695 indice
598 671 727 705 regum
753 659 976 693 Francorum
1001 657 1150 693 finiente
1176 657 1214 691 in
1240 658 1344 693 obitu
1371 658 1512 704 Pipini,
1546 658 1649 694 cuius
1680 661 1810 695 extant
1834 659 1973 695 formae
1999 662 2083 701 tres,

154 718 286 764 prima,
309 729 404 762 quae
432 716 568 762 incipit
592 729 613 752 a
631 717 854 763 Dagoberto,
880 715 1016 751 codicis
1033 715 1285 761 Sangallensis
1304 715 1366 750 731
1393 715 1524 762 scripti
1549 728 1648 751 anno
1667 717 1815 752 XXVI
1831 717 1934 761 reyni
1958 716 2084 751 domno

155 780 277 810 nostro
300 775 424 810 Carolo
449 775 518 818 reyi
542 774 652 818 (infra.
677 787 711 820 p.
732 774 877 818 XCIX);
903 773 1080 814 secunda,
1107 784 1202 817 quae
1227 773 1364 818 incipit
1389 786 1410 808 a
1437 774 1628 809 Chlotario
1654 774 1842 810 decessore
1867 772 2082 819 Dagoberti,

155 835 305 869 servata
329 832 367 867 in
394 832 520 868 codice
546 831 733 877 epitomae
752 830 981 876 Aegidianae
995 830 1180 865 Vaticano
1205 829 1356 874 reginae
1374 830 1440 866 846
1467 830 1577 873 (infra
1602 843 1637 876 p.
1657 831 1736 875 CI);
1762 831 1877 866 tertia
1901 830 2083 876 incipieus

155 902 178 926 a
197 889 426 926 Theoderico
453 890 506 924 III
530 891 679 934 reperta
704 888 742 923 iu
768 887 957 923 codicibus
983 887 1187 923 decurtatis
1211 887 1330 922 tribus
1356 887 1532 923 Bernensi
1558 889 1596 923 et
1621 887 1790 923 Parisino
1806 889 1897 924 4409
1922 891 1960 924 et
1978 888 2083 923 Vati-

155 959 247 984 cano
271 947 423 993 reginae
450 947 554 988 1048,
586 946 678 982 item
706 945 745 980 in
770 945 879 991 pleno
906 944 1158 981 Ottoboniano
1184 945 1274 980 2225
1301 944 1411 987 (infra
1436 957 1470 990 p.
1491 945 1651 989 XCVII).
1702 945 1794 980 Cum
1825 957 1867 980 eo
1899 945 2021 982 indice
2053 945 2084 980 si

154 1004 411 1052 coniungimus
432 1016 544 1049 quam
568 1015 681 1049 supra
698 1004 746 1049 (p.
762 1003 953 1047 XXXVII)
980 1002 1226 1039 tractavimus
1251 1001 1564 1047 subscriptionem
1589 1001 1829 1038 auctoritatis
1845 1002 2083 1039 Alaricianae

154 1075 199 1098 ex
224 1062 351 1098 codice
376 1061 571 1108 deperdito
597 1073 620 1097 a
639 1060 790 1097 Cuia-cio
815 1060 989 1097 relatam:
1018 1065 1051 1095 et
1074 1062 1204 1095 iterum
1223 1060 1518 1106 (recognovimus)
1536 1071 1634 1094 amzo
1653 1060 1737 1094 XX
1758 1065 1931 1106 reynante
1948 1061 2085 1096 Karolo

153 1131 233 1166 reqe
259 1119 485 1154 Francorum
515 1123 548 1154 et
572 1118 893 1163 Lanqobardorum
923 1122 955 1153 et
979 1119 1133 1163 patricio
1159 1118 1425 1162 Romanorzmz,
1452 1129 1524 1153 non
1549 1117 1628 1153 sine
1655 1117 1782 1162 aliqua
1814 1117 2084 1163 probabilitate

154 1179 362 1213 statuemus
386 1175 656 1212 breviationem
686 1177 783 1212 hanc
807 1176 962 1212 retentis
994 1175 1238 1222 praescriptis
1263 1175 1488 1211 Alaricianis
1512 1174 1696 1220 proficisci
1728 1187 1750 1210 a
1776 1175 1912 1210 Karolo
1938 1187 2083 1221 magno.

153 1234 233 1270 Hoc
258 1245 354 1270 anno
371 1233 438 1269 788
463 1233 688 1280 posteriores
706 1233 879 1269 videntur
905 1245 983 1269 esse
1010 1234 1156 1270 codices
1181 1233 1369 1270 decurtati
1394 1245 1518 1269 omnes
1526 1246 1534 1274 ;
1561 1244 1647 1268 nam
1665 1232 1825 1267 Parisini
1842 1233 1932 1268 4415
1959 1233 2084 1269 arche-

153 1294 288 1337 typum
310 1291 410 1336 quod
433 1291 615 1337 scriptum
641 1290 779 1326 dicitur
803 1302 903 1326 anno
929 1291 1008 1326 XV
1028 1294 1196 1336 regnante
1222 1291 1361 1326 Κατ-οἷο
1385 1301 1478 1335 reye,
1511 1289 1583 1325 nisi
1607 1289 1730 1335 ipsum
1755 1290 1907 1334 plenum
1931 1289 2019 1331 fuit,
2046 1289 2084 1324 iu

152 1349 314 1385 numeris
339 1348 480 1384 alicubi
505 1351 669 1384 erratum
693 1360 771 1385 esse
798 1348 996 1394 probabile
1022 1351 1089 1385 est.
1115 1369 1159 1374 —-
1185 1348 1296 1385 Fines
1321 1348 1419 1384 inter
1443 1348 1572 1394 plenos
1598 1350 1636 1384 et
1662 1347 1874 1382 decurtatos
1899 1346 2083 1382 interdum

154 1405 436 1448 confunduntur,
464 1418 548 1441 cum
571 1406 612 1441 hi
635 1406 921 1442 constitutiones
938 1406 1069 1452 plenas
1094 1418 1168 1442 non
1192 1406 1311 1442 solum
1336 1405 1400 1447 ibi,
1427 1405 1493 1441 ubi
1517 1404 1780 1450 interpretatio
1805 1404 1909 1440 nulla
1935 1404 2084 1440 adiecta

152 1465 221 1506 est,
246 1463 311 1500 sed
334 1463 520 1499 interdum
545 1463 640 1499 alibi
667 1475 814 1508 quoque
839 1465 982 1509 ponant
1006 1475 1073 1509 pro
1099 1463 1213 1499 libitu
1238 1462 1395 1499 librarii.
1445 1464 1539 1499 Item
1563 1462 1652 1497 fines
1676 1461 1774 1498 inter
1797 1462 1895 1497 hunc
1919 1461 2083 1497 ordinem

154 1523 194 1557 et
217 1521 378 1556 alterum
400 1519 691 1566 epitomatorum
707 1520 769 1556 hic
787 1520 867 1556 illic
893 1533 1025 1567 parum
1051 1520 1144 1556 certi
1169 1523 1264 1556 sunt.
1307 1520 1384 1566 Ego
1411 1520 1458 1555 ad
1483 1519 1709 1565 epitomatos
1734 1531 1795 1554 eos
1820 1519 1916 1554 solos
1941 1519 2081 1561 rettuli,

154 1577 220 1623 qui
235 1578 377 1614 habent
394 1577 578 1624 epit-omas
596 1578 644 1614 ab
658 1578 839 1614 Haenelio
859 1578 980 1614 editas
999 1578 1147 1614 adiecto
1165 1577 1352 1620 Fuldensi,
1370 1577 1533 1623 reliquos
1550 1589 1675 1613 omnes
1692 1576 1780 1612 huic
1798 1575 1918 1612 ordini
1934 1576 2081 1613 inserui.

269 1680 556 1717 Mediolanensis
576 1681 839 1717 Ambrosianus
858 1681 884 1717 (J
902 1682 969 1716 276
983 1681 1046 1716 inf.
1066 1693 1158 1716 saec.
1179 1682 1229 1716 IX
1254 1682 1409 1725 (Haenel
1428 1682 1470 1716 37
1490 1696 1532 1711 =
1550 1680 1618 1725 28).
1660 1680 1753 1715 Eum
1776 1681 1925 1725 praeter
1942 1679 2083 1715 Haene-

153 1738 246 1774 lium
270 1738 446 1774 adhibuit
469 1738 649 1774 Vesmius.
698 1738 884 1775 Deficiunt
909 1739 1209 1784 subscriptiones.

268 1841 492 1878 Basileensis
512 1841 539 1877 C
560 1842 614 1877 III
634 1842 650 1877 1
678 1842 834 1885 (Haenel
852 1843 894 1877 21
916 1844 954 1878 et
970 1843 1012 1877 41
1032 1858 1074 1871 =
1095 1842 1116 1878 8
1134 1845 1171 1878 et
1189 1842 1246 1887 58)
1272 1844 1422 1888 praeter
1447 1841 1706 1886 apographum
1733 1839 1870 1875 codicis
1896 1840 2082 1886 deperditi

153 1898 408 1936 Murbacensis
434 1899 533 1943 (vide
558 1911 671 1945 supra.
695 1912 731 1946 p.
750 1900 920 1944 LXXIII)
948 1900 1114 1936 continet
1145 1900 1369 1946 apographa
1398 1898 1669 1945 particularum
1701 1897 1838 1933 codicis
1869 1897 1972 1943 pleni
2002 1900 2083 1933 tum

154 1956 478 2004 MogontiacensiS‚
505 1956 581 1992 iam
607 1956 771 1993 Gothani
797 1957 895 1999 (vide
921 1970 957 2003 p.
976 1958 1125 2002 LXXII)
1149 1970 1261 1994 manu
1280 1956 1458 1994 Cochlaei
1489 1958 1526 1992 et
1552 1955 1739 1992 decurtati
1763 1954 1957 1991 Bernensis
1983 1954 2082 1999 (vide

154 2027 190 2062 p.
209 2014 342 2059 XCVI)
367 2017 406 2051 et
430 2013 618 2060 epitomae
642 2014 874 2061 Aegidianae
899 2016 1045 2060 partem
1071 2015 1230 2061 primam
1257 2014 1356 2059 (vide
1381 2027 1417 2060 p.
1438 2014 1509 2059 CI).

268 2117 465 2154 Bernensis
489 2117 556 2154 263
587 2118 744 2162 (Haenel
768 2119 815 2155 40
833 2119 968 2162 =40)‚
1000 2130 1095 2154 saec.
1114 2119 1183 2160 IX,
1215 2117 1452 2153 Amerbachii
1484 2119 1521 2152 et
1552 2116 1722 2152 Sichardi
1754 2117 1921 2161 tempore
1947 2115 2082 2161 Argen-

153 2176 364 2218 toratensis‚
389 2176 502 2222 plane
527 2176 714 2213 consentit
738 2189 821 2212 cum
846 2176 952 2212 libris
978 2176 1064 2212 aliis
1086 2177 1228 2212 duobus
1246 2175 1413 2211 Parisino
1430 2176 1520 2212 4409
1547 2178 1585 2210 et
1602 2174 1786 2210 Vaticano
1811 2173 1963 2219 reginae
1983 2173 2082 2218 1048,

180 2293 206 2336 ι)
239 2294 265 2326 I.
291 2294 342 2326 De
357 2292 662 2325 constitutionibus
685 2293 875 2335 principum
901 2296 935 2325 et
958 2292 1088 2334 edictis,
1114 2292 1179 2325 hoo
1203 2297 1254 2324 est
1278 2298 1316 2324 ut
1333 2302 1572 2334 quaecumque
1596 2291 1683 2333 legis
1708 2290 1781 2322 sine
1807 2290 1860 2322 die
1885 2294 1918 2322 et
1943 2289 2082 2322 consule

291 2339 430 2380 fuerint,
455 2338 586 2381 prolate
609 2350 679 2371 non
703 2339 886 2372 videantur
912 2338 991 2379 (hoc
1016 2343 1067 2371 est
1092 2364 1099 2371 .
1120 2364 1127 2370 .
1146 2363 1153 2370 .
1181 2339 1360 2371 videantur
1385 2350 1446 2370 om.
1464 2337 1522 2378 L).

225 2392 267 2424 ΙΙ.
291 2391 344 2423 De
368 2390 511 2423 diversis
535 2390 724 2433 rescriptis,
752 2391 816 2423 1100
841 2395 890 2423 est
915 2390 943 2422 si
967 2390 1153 2423 auctoritas
1179 2391 1281 2423 suerit
1304 2390 1456 2433 prolata,
1488 2394 1526 2421 ut
1551 2387 1625 2431 (aut
1643 2387 1687 2431 L)
1711 2398 1817 2420 causa
1842 2398 1911 2419 non
1936 2387 2080 2427 dicatur,

291 2448 361 2469 11011
385 2437 501 2469 valeat
526 2437 634 2476 (ualet
650 2435 709 2477 L).

204 2490 266 2522 III.
292 2489 343 2521 De
367 2488 536 2521 mandatis
560 2489 763 2531 principum,
789 2489 853 2521 hoc
878 2492 929 2521 est
953 2489 981 2521 si
1006 2488 1131 2530 aliquis
1156 2499 1234 2520 cum
1260 2488 1428 2520 mandatis
1455 2485 1716 2527 (commendatis
1735 2484 1779 2525 L)
1806 2485 2021 2517 dominorum
2046 2495 2082 2517 se

291 2535 412 2568 asserit
427 2534 544 2567 venire
560 2535 698 2568 secretis
721 2535 825 2567 animi
843 2533 968 2576 (anime
984 2533 1039 2576 L),
1066 2535 1295 2576 nequicquam
1313 2534 1479 2575 credatur,
1506 2533 1572 2565 nisi
1596 2532 1696 2566 certis
1722 2531 1859 2574 scriptis
1884 2531 2082 2574 probaverit

291 2591 364 2614 esse
389 2580 605 2613 credendum.

187 2633 265 2665 1111.
291 2633 342 2665 De
365 2632 536 2674 responsis
561 2632 790 2674 prudentium,
816 2632 879 2664 11οο
903 2637 954 2664 est
978 2642 1122 2673 quorum
1147 2633 1231 2665 iuris
1257 2631 1440 2664 conditoris
1465 2630 1558 2673 leges
1583 2630 1721 2662 valeant
1748 2627 1877 2669 (ualeat
1894 2627 1950 2667 L).

223 2685 264 2717 V.
289 2685 342 2717 De
364 2683 476 2716 officio
506 2684 725 2726 praefectoris
750 2682 1013 2726 (praefectorum
1036 2683 1081 2725 L)
1112 2684 1295 2727 praetorio,
1328 2684 1393 2716 1100
1425 2687 1476 2716 est
1506 2686 1546 2714 ut
1577 2687 1696 2715 contra
1721 2680 1887 2714 iudicium
1913 2681 1989 2722 quis
2014 2691 2081 2711 11011

291 2729 395 2763 facile
419 2729 544 2762 veniat.

208 2782 266 2814 vl.
290 2782 344 2815 De
367 2781 479 2814 officio
502 2781 642 2814 rectoris
666 2781 871 2823 provinciae,
897 2781 963 2813 1100
986 2786 1038 2814 est
1060 2786 1099 2813 ut
1123 2792 1245 2814 causas
1271 2779 1320 2818 (in
1346 2780 1476 2821 ius.N)
1503 2778 1640 2822 publice
1665 2778 1862 2811 discutiant.

191 2834 264 2866 vu.
290 2834 341 2865 De
366 2833 477 2865 officio
501 2832 653 2865 iudicum
678 2833 845 2872 civilium,
880 2832 943 2865 hoc
974 2838 1026 2865 est
1054 2838 1093 2865 ut
1122 2833 1278 2866 honorati
1310 2843 1352 2865 ex
1378 2832 1495 2864 curiae
1519 2840 1657 2872 corpore
1690 2830 1719 2862 si
1745 2831 1781 2861 in
1805 2829 1864 2861 lite
1899 2833 1979 2860 sunt
2003 2838 2081 2860 con—

289 2879 416 2919 stituti,
443 2889 522 2911 cum
545 2878 675 2911 iudices
699 2877 777 2919 (-cis
794 2878 839 2919 L)
865 2889 934 2911 non
957 2879 1142 2919 resideant,
1175 2890 1238 2911 nec
1263 2877 1320 2921 (110
1338 2877 1391 2919 Ν)
1418 2878 1607 2920 litigatores
1632 2875 1784 2908 iudicem
1809 2874 1894 2916 (-ces
1912 2873 1958 2915 L)
1984 2874 2081 2906 meri-

294 2925 405 2957 dianis
429 2925 521 2957 horis
546 2924 707 2957 salutent.

174 2977 266 3009 vm.
291 2977 344 3009 De
367 2976 480 3009 officio
504 2976 656 3008 iudicum
684 2975 897 3017 militarium,
931 2976 996 3008 hoc
1024 2981 1074 3009 est
1105 2980 1144 3008 ut
1173 2975 1261 3008 nulli
1291 2975 1326 3007 in
1358 2974 1517 3007 civilibus
1548 2973 1662 3006 causis
1694 2972 1848 3005 militaris
1887 2972 1992 3004 tuicio
2024 2971 2080 3004 uel

293 3023 468 3055 exsecutio
492 3022 681 3064 deputetur.

154 3074 264 3106 VIIII.
292 3074 345 3106 De
368 3073 480 3106 officio
503 3073 655 3106 iudicum
680 3072 843 3112 omnium,
869 3072 934 3105 hoc
958 3077 1009 3105 est
1033 3082 1075 3104 ne
1100 3076 1289 3105 matronam
1315 3072 1369 3105 vel
1393 3071 1541 3114 pupillos
1565 3071 1637 3104 sive
1662 3074 1800 3113 egrotos
1825 3079 1884 3112 per
1911 3068 2080 3102 executio-

296 3129 374 3152 nem
400 3117 667 3159 (excusationem
683 3118 737 3160 N)
764 3118 922 3151 adtrahat
947 3118 1072 3158 (adtrai
1096 3117 1196 3150 liceat
1213 3117 1269 3160 L).

223 3171 267 3203 X.
292 3171 344 3203 De
368 3171 602 3203 defensoribus
627 3171 812 3209 civitatum,
846 3169 909 3202 hoc
933 3175 985 3202 est
1014 3174 1053 3201 ut
1083 3169 1156 3202 sine
1180 3170 1344 3203 electione
1369 3169 1496 3202 civium
1522 3179 1590 3200 non
1615 3167 1809 3206 ordinetur,
1841 3172 1878 3199 ut
1906 3166 2078 3198 neminem

290 3217 505 3249 innocentem
530 3216 681 3248 damnari
705 3221 767 3248 aut
791 3215 964 3248 verberari
989 3221 1185 3258 praesumat
1210 3215 1292 3256 (non
1319 3240 1325 3247 .
1346 3241 1352 3248 .
1372 3241 1379 3249 .
1406 3219 1599 3258 praesumat
1623 3225 1684 3246 om.
1705 3212 1776 3254 N).

205 3268 266 3301 XI.
290 3267 343 3300 De
365 3268 589 3301 assertoribus
613 3267 805 3301 domesticis
829 3266 862 3299 et
886 3267 1113 3305 cancellariis,
1145 3267 1209 3299 hoc
1233 3273 1285 3300 est
1308 3273 1346 3300 ut
1370 3268 1578 3309 quicumque
1603 3265 1755 3297 militans
1781 3263 1984 3305 adquisierit
2013 3263 2080 3295 sibi

291 3318 389 3346 extra.
419 3318 512 3356 parte
535 3312 630 3355 (-tem
646 3313 691 3355 L)
720 3313 872 3346 uindicet
900 3318 934 3346 et
962 3317 1001 3346 ut
1031 3312 1146 3346 nullus
1177 3313 1323 3347 iudicem
1353 3314 1394 3346 de
1427 3313 1497 3346 alia
1527 3311 1707 3354 prouintia
1738 3309 1982 3344 cancellarium
2015 3309 2081 3342 sibi

295 3359 493 3403 coniungat.
