2485 3615
1164 161 1210 168 -—
1258 140 1420 177 CCLXII
1469 161 1514 167 —

305 250 372 284 383
612 248 666 282 ΠΙ
689 259 771 283 non.
791 247 875 283 Dec.
993 244 1318 289 Constantinopoli
1403 244 1646 279 Postumiano
1670 249 1739 289 ppo
1766 244 1954 291 [Orientis]
2026 247 2079 290 16,
2093 247 2125 287 5,
2142 247 2184 281 12

305 319 372 353 383
613 317 719 352 XVII
743 317 778 351 k.
799 317 874 351 Ian.
994 327 1044 360 pp
1049 341 1226 349 ......
1406 313 1600 348 Ammiano
1627 325 1718 348 com.
1735 327 1763 350 r.
1782 327 1836 360 pr.
1855 315 1971 361 [Oce]
2032 317 2084 358 11,
2100 315 2155 360 30,
2169 315 2213 350 41

305 388 371 422 383
391 387 433 432 [2³]
611 387 682 422 1111
707 386 741 421 k.
759 387 836 421 Ian.
989 383 1317 429 Constantinopoli
1408 383 1659 475 Clssffigssgfifs'?
1687 382 1877 427 [Constan-
2031 385 2062 428 6,
2077 385 2108 427 5,
2125 385 2142 418 1

305 504 372 539 383
614 501 665 536 III
691 500 725 534 k.
744 502 820 535 Ian.
991 498 1316 544 Constantinopoli
1402 497 1597 533 Hellebico
1630 509 1721 532 com.
1747 499 1785 533 et
1811 509 1910 544 mag.
2028 498 2060 539 9,
2075 498 2128 542 39,
2149 499 2166 533 1

1455 543 1651 588 utriusque
1675 543 1835 579 militiae

304 619 372 654 383
616 640 1243 651 ...............
1407 617 1533 650 actum
1558 614 1597 650 in
1623 613 1842 650 consistorio
2033 614 2132 658 1,22,
2147 616 2169 648 4

374 771 455 810 384
486 764 839 809 RIOHOMERE
852 764 886 820 1)
918 764 994 805 ET
1028 764 1350 806 OLEAROHO
1383 765 1478 808 VV.
1505 764 1632 821 002)
1669 763 1865 806 CONSS.

530 848 556 889 ¹)
582 848 636 881 Sic
670 846 702 878 V
722 851 926 898 constanter,
959 847 1014 879 vel
1039 847 1088 879 sic
1111 847 1168 880 vel
1194 847 1369 880 Ricomere
1394 846 1436 881 R.
1468 866 1510 870 —
1536 847 1621 880 Post
1643 858 1732 879 cons.
1751 845 1976 878 Merobaudis
2001 845 2052 877 ΙΙ
2069 850 2099 877 et
2125 844 2310 878 Satur-‘nini
2481 874 2485 894 ⁴,

588 893 665 925 VH
684 894 714 926 k.
734 892 816 925 Λου.
844 892 875 933 6,
894 891 949 935 30,
967 892 998 926 6.
2482 897 2485 938 1

525 952 552 993 ²)
579 952 633 984 Sic
659 948 1062 992 1‚6‚9—6‚5,2—
1090 949 1192 993 16,5,
1214 950 1267 984 13.
2483 947 2485 976 l

488 1068 564 1100 Hoc
596 1077 686 1099 anno
715 1071 790 1109 post
822 1066 979 1109 agnitum
1010 1077 1071 1109 pro
1101 1066 1233 1108 collega
1255 1066 1447 1099 Maximum
1478 1066 1514 1098 in
1539 1066 1724 1099 Occidente
1755 1066 1822 1098 duo
1855 1066 2077 1109 imperatores
2107 1065 2308 1108 regnabant,

373 1125 548 1158 Maximus
578 1125 613 1156 in
638 1123 776 1163 Galliis,
809 1124 845 1155 in
870 1123 970 1156 Italia
995 1124 1133 1166 Illyrico
1158 1124 1277 1156 Africa
1300 1124 1571 1156 Valentinianus.
1620 1124 1719 1156 Illius
1749 1129 1868 1167 postea
1901 1134 2025 1156 nomen
2057 1123 2206 1156 deletum
2235 1134 2310 1156 esse

374 1187 641 1216 consentaneum
672 1186 738 1223 est,
770 1181 947 1221 remansit,
983 1181 1050 1213 nisi
1081 1181 1173 1213 fallit
1196 1182 1416 1224 subscriptio,
1446 1183 1648 1225 rescriptum
1679 1193 1789 1214 unum
1816 1180 1847 1223 9,
1865 1180 1920 1223 36,
1941 1180 1971 1213 1.
2019 1181 2254 1214 Valentiniani
2277 1182 2311 1213 Π

375 1246 494 1274 extant
523 1240 688 1283 rescripta
719 1240 839 1272 emissa
865 1239 1053 1272 Mediolani
1085 1250 1146 1282 per
1176 1243 1285 1271 totum
1317 1240 1387 1271 fere
1419 1250 1557 1272 annum.
1585 1257 1627 1262 -—
1652 1240 1865 1272 Theodosius
1891 1239 1957 1271 hoc
1988 1249 2080 1271 anno
2109 1239 2311 1272 morabatur

375 1299 679 1342 Constantinopoli,
706 1299 772 1332 nisi
789 1299 880 1341 quod
906 1309 966 1341 per
982 1308 1116 1330 menses
1134 1298 1272 1330 Iunium
1299 1302 1332 1330 et
1349 1298 1475 1330 lulium
1500 1298 1639 1330 secessit
1662 1298 1698 1329 in
1715 1298 1864 1330 vicinam
1882 1296 2095 1329 Heracleam.
2135 1297 2311 1340 Rescripta

377 1358 445 1390 duo
471 1358 561 1400 Aug.
581 1355 622 1389 31
650 1364 683 1390 et
709 1358 798 1400 Sept.
817 1354 862 1388 22
885 1357 929 1388 ad
952 1356 1144 1399 Cynegium
1169 1356 1238 1399 ppo
1262 1356 1422 1395 Orientis,
1449 1367 1594 1398 quorum
1620 1355 1886 1398 subscriptiones
1911 1354 2035 1398 oppida
2058 1354 2181 1388 Italica
2203 1355 2311 1388 nomi-

375 1421 470 1455 nant,
497 1426 575 1448 cum
600 1426 714 1448 rerum
739 1414 856 1447 ordine
881 1414 1005 1447 tradito
1031 1413 1206 1447 conciliari
1231 1419 1417 1456 nequeunt.

307 1536 375 1571 384
618 1533 686 1568 XV
711 1534 747 1569 k.
766 1533 870 1568 Febr.
1001 1532 1327 1578 Constantinopoli
1414 1531 1579 1578 Cynegio
1604 1536 1673 1576 ppo
1701 1529 1892 1576 [Orientis]
2061 1501 2090 1535 Ι
2119 1501 2171 1544 12’
2186 1502 2275 1544 13’5

2034 1558 2086 1593 H
2117 1560 2170 1602 15,
2189 1560 2218 1601 l,
2233 1560 2278 1595 23

307 1634 375 1669 384
622 1632 692 1668 XII
716 1632 752 1667 k.
772 1631 877 1666 Febr.
1004 1629 1330 1675 Constantinopoli
1418 1628 1583 1675 Cynegio
1608 1633 1677 1673 ppo
1705 1626 1895 1672 [Orientis]
2037 1627 2092 1669 16,
2106 1627 2138 1670 5,
2154 1627 2198 1662 13

307 1726 375 1760 384
625 1723 717 1768 prid.
734 1723 770 1757 k.
789 1722 894 1758 Febr.
1002 1735 1064 1768 pp.
1092 1723 1181 1766 (dat.
1200 1722 1310 1766 1.]1)
1415 1747 1735 1757 ..........
2008 1709 2019 1843 3
2061 1695 2111 1787 LI,
2137 1714 2181 1787 E
2208 1697 2366 1789 &3¹19

1044 1780 1182 1825 Bery'w
2037 1809 2107 1845 111
2141 1780 2298 1854 11:132

308 1886 375 1921 384
621 1883 656 1917 k.
676 1882 783 1917 Febr.
1009 1908 1258 1916 ........
1423 1880 1600 1916 Neoterio
1625 1886 1695 1925 ppo
2043 1879 2076 1922 8,
2089 1880 2122 1921 5,
2132 1879 2178 1914 43

310 1984 318 1991 .
338 1983 344 1990 .
367 1983 373 1989 .
393 1953 486 2000 [384]
497 1955 522 1997 ¹)
618 1952 713 1998 prid.
735 1962 821 1986 non.
839 1950 946 1986 Febr.
1008 1950 1333 1995 Constantinopoli
1421 1949 1562 1995 Optato
1588 1949 1703 1995 praef.
1722 1947 1923 1995 Augustali
2045 1947 2181 1995 LSirm.
2205 1949 2227 1984 3

534 2024 560 2066 ¹)
587 2023 794 2057 Consulatus
819 2023 966 2056 omissus
992 2028 1052 2055 est.

310 2094 377 2130 384
621 2091 669 2125 id.
688 2090 793 2126 Febr.
1004 2115 1255 2125 ........
1420 2087 1610 2134 Principio
1634 2092 1681 2132 po
2041 2085 2058 2135 l,
2075 2086 2164 2122 Iust.
2184 2087 2214 2131 1,
2228 2087 2284 2129 48,
2299 2087 2321 2121 2

2122 2132 2208 2168 Hal.
2222 2133 2290 2168 PL

309 2199 378 2233 384
621 2195 672 2231 VI
697 2206 780 2230 non.
798 2194 908 2230 Mart.
1006 2192 1332 2238 Constantinopoli
1421 2191 1586 2238 cynegio
1610 2196 1680 2236 ppo
1707 2189 1898 2236 [Orientis]
2042 2191 2074 2234 8,
2089 2133 2179 2234 5514
2291 2132 2302 2178 1

310 2268 377 2303 384
620 2265 675 2299 III
701 2264 750 2299 id.
777 2264 888 2299 Mart.
1003 2263 1215 2299 Mediolano
1420 2261 1548 2297 Attico
1574 2267 1642 2307 ppo
2042 2261 2097 2303 13,
2112 2261 2200 2304 1,12

309 2338 377 2372 384
619 2334 672 2368 XI
696 2334 731 2368 k.
749 2334 837 2378 Apr.
1000 2332 1213 2367 Mediolano
1416 2330 1606 2366 Marciano
1631 2329 1771 2365 vicario
2039 2330 2072 2372 9,
2085 2330 2142 2374 38,
2156 2330 2176 2364 7

311 2407 378 2442 384
621 2403 674 2438 III
699 2403 735 2437 k.
754 2404 842 2448 Apr.
1002 2400 1325 2446 Constantinopoli
1416 2399 1596 2436 Nebridio
1622 2411 1713 2434 com.
1730 2411 1757 2434 r.
1776 2411 1830 2444 pr.
1851 2398 1937 2444 [Or.]
2036 2399 2126 2434 Iust.
2142 2398 2290 2443 11,62,6
2303 2394 2450 2443 [VOuiJ

310 2476 377 2510 384
620 2472 713 2518 prid.
734 2472 770 2506 k.
790 2473 878 2517 Apr.
1003 2469 1328 2515 Constantinopoli
1414 2468 1589 2515 Agrestio
1599 2466 2014 2514 proconsPalaestinae
2043 2468 2097 2510 11,
2112 2467 2167 2510 30,
2182 2467 2227 2502 42

311 2572 379 2606 384
624 2568 696 2603 1111
722 2568 771 2604 id.
790 2569 877 2613 Apr.
1006 2567 1331 2612 Constantinopoli
1418 2567 1581 2614 Cynegio
1606 2573 1674 2613 ppo
1701 2566 1895 2612 [Orientis]
2037 2537 2090 2629 I}
2116 2536 2257 2630 ἓξὲξ

311 2668 381 2703 384
625 2666 719 2712 prid.
738 2678 822 2701 non.
841 2665 928 2702 Mai.
1006 2666 1331 2713 Constantinopoli
1420 2666 1584 2713 Cynegio
1610 2672 1678 2712 ppo
1705 2665 1893 2711 [Orientis]
2041 2666 2094 2707 12,
2110 2665 2140 2707 1,
2156 2664 2224 2700 105

312 2738 380 2772 384
626 2735 696 2770 XII
721 2735 756 2769 k.
782 2735 860 2769 Iun.
1004 2735 1215 2772 Mediolano
1420 2735 1662 2771 Praetextato
1688 2741 1756 2780 ppo
1783 2733 1944 2780 [Italiae]
2039 2734 2071 2775 6,
2085 2734 2117 2776 5,
2132 2733 2154 2768 2

311 2806 380 2841 384
622 2805 693 2838 IIII
720 2803 769 2839 id.
790 2805 867 2839 Iun.
1002 2805 1205 2841 Heracleae
1417 2805 1573 2841 Trifolio
1599 2816 1689 2840 com.
1709 2816 1735 2838 S.
1753 2804 1778 2838 l.
1798 2803 1886 2849 [Or.]
2038 2803 2070 2846 6,
2084 2803 2140 2844 30,
2155 2802 2175 2837 7

312 2874 380 2908 384
622 2873 711 2908 VIII
737 2872 786 2907 id.
806 2873 874 2909 Iul.
1003 2873 1207 2909 Heracleae
1421 2872 1586 2919 Cynegio
1612 2878 1681 2918 ppo
1706 2872 1897 2918 [Orientis]
2041 2871 2140 2916 12,1,
2155 2871 2222 2906 106

313 2944 380 2978 384
622 2942 731 2977 VIIII
756 2942 792 2976 k.
817 2942 911 2987 Aug.
1003 2942 1207 2978 Heracleae
1419 2941 1575 2977 Tn'folio
1602 2953 1691 2976 com.
1711 2953 1737 2976 S.
1755 2941 1779 2976 1.
1801 2941 1889 2986 [Οι-.]
2041 2940 2096 2981 10,
2107 2939 2164 2981 20,
2180 2940 2221 2974 11

313 3036 381 3071 384
626 3034 714 3069 vm
746 3033 828 3077 (vn
854 3034 917 3078 Π)
1005 3033 1208 3070 Heracleae
1419 3033 1566 3069 senatui
2010 3014 2022 3145 3
2039 3009 2095 3100 I}
2114 3009 2130 3056 ὲ
2146 3008 2282 3102 {5511
2300 3065 2342 3100 36
2368 3065 2387 3100 l

668 3091 816 3137 k.Aug.
2087 3065 2284 3157 [gagffw
2343 3091 2352 3106 ·

313 3185 380 3220 384
623 3184 717 3230 prid.
733 3184 768 3218 k.
787 3183 888 3229 Sept.
1002 3184 1170 3219 Veronae
1189 3183 1234 3228 ['?]
1416 3182 1582 3229 Cynegio
1608 3188 1675 3228 ppo
1703 3181 1893 3227 [Orientis]
1935 3165 1939 3176 ι
2037 3181 2091 3223 12,
2108 3182 2138 3223 1,
2156 3181 2219 3216 107

315 3255 382 3288 384
622 3253 655 3287 V
682 3252 730 3287 id.
749 3252 850 3298 Sept.
1000 3253 1194 3297 Aquileiae
1413 3252 1653 3287 Praetextato
1678 3256 1746 3296 ppo
1773 3249 1934 3296 [Italiae]
2035 3249 2051 3296 l,
2068 3245 2206 3293 Iusti,
2221 3248 2275 3290 54,
2290 3248 2312 3283 5
2329 3242 2447 3293 [Hac]

314 3322 382 3356 384
626 3348 633 3357 .
655 3349 663 3357 .
682 3348 689 3356 .
715 3320 816 3366 Sept.
1004 3321 1328 3366 Constantinopoli
1418 3320 1596 3411 Clea3c130
1622 3325 1667 3364 po
1694 3318 1969 3364 [Constantino-
2039 3317 2071 3360 6,
2085 3316 2178 3360 214

1463 3378 1510 3411 po
1528 3378 1559 3400 ls

2414 3435 2485 3615 3
