2485 3615
135 249 265 282 Isidori

85 300 325 344 Etymoloyiae.

77 1303 209 1336 Ῐιιῖἱαηί
235 1303 300 1345 6Ρὶ-

52 1351 143 1393 scopi
172 1349 325 1382 Toletani

149 1397 231 1428 liber

54 1443 323 1485 respovsionmn.

143 1845 255 1878 Codex

80 1892 324 1935 Rivipullensz's

187 1945 217 1972 et

78 1985 306 2027 Leyfflnewwss.

127 2670 252 2702 Usalc'ci

52 2715 319 2750 Barchinoniae.

1154 147 1196 154 -—-
1249 128 1411 165 CCCXII
1459 150 1502 156 —-

479 229 532 263 Ex
562 226 773 265 litterarum
810 230 983 276 operibus
1016 231 1219 277 Hispaniae
1256 233 1437 270 Conratus
1462 236 1506 281 [1,
1531 236 1574 271 97
1607 240 1644 273 et
1677 239 1754 283 151]
1791 238 1907 275 etiam
1944 239 2038 277 illud
2075 254 2119 278 ex
2157 243 2291 279 Isidori

363 287 611 333 Etymologiis
636 289 682 324 ad
708 289 935 324 Breviarium
960 294 1132 335 spectare
1157 291 1342 336 opinatur.
1385 294 1502 329 Nemo
1528 294 1732 337 dubitabit,
1758 298 1846 342 quin
1872 299 2022 342 Isidoro,
2049 301 2113 345 qui
2139 302 2290 337 natione

364 349 552 383 Romanus
577 358 691 391 usque
719 347 765 382 ad
783 359 918 382 annum
936 349 1002 382 635
1020 348 1143 384 sedem
1161 348 1413 395 episcopalem
1430 351 1691 397 Hispalensem
1709 355 1885 401 obtinuit,
1910 358 2144 394 Breviarium
2161 362 2290 395 notum

362 405 485 441 fuerit.
535 405 606 440 Sed
630 406 672 439 ut
696 405 904 450 nuperrime
930 404 1042 440 etiam
1069 405 1220 442 Zeumer
1246 407 1337 452 [NA.
1358 408 1492 453 XXIII,
1511 410 1580 445 480
1593 411 1659 455 sq.]
1687 411 1877 456 disseruit,
1904 414 2064 450 Isidorus
2088 416 2127 451 in
2153 417 2286 461 quinto

362 462 681 508 Etymologiaruni
705 461 802 497 libro
827 462 883 496 ius
908 475 1048 497 merum
1074 464 1322 500 Romanorum
1348 466 1582 511 expositurus
1608 468 1805 504 historiam
1829 470 2080 516 legislationis
2101 474 2290 510 Romanae

364 533 447 556 cum
470 520 728 556 Theodosiano
753 520 874 555 finivit
899 520 945 555 ob
972 532 1127 565 eamque
1152 534 1229 558 rem
1254 526 1296 558 ut
1322 535 1447 560 omnes
1474 525 1653 561 Novellas
1678 525 1734 562 ita
1759 527 1874 563 etiam
1898 529 2133 566 Breviarium
2150 532 2292 567 Alarici

364 579 499 615 omisit.
548 578 757 613 Nonnullas
782 577 931 622 quidem
955 578 1091 614 formas
1116 580 1232 615 habet
1257 580 1348 615 iuris
1373 581 1532 618 Romani
1557 584 1658 628 apud
1677 584 1893 631 Visigothos
1920 588 2103 634 vulgaris,
2129 589 2291 636 exempli

363 637 487 684 gratia
512 636 586 671 ‘ius
611 635 824 670 liberorum’
849 636 904 681 [V,
924 636 977 678 24,
999 637 1072 681 13];
1108 638 1171 673 3611
1203 639 1295 674 11366
1322 640 1435 675 verba
1461 640 1673 687 ‘conjugum
1705 642 1784 679 sine
1809 643 1938 680 liberis
1963 645 2124 682 invicem
2148 647 2291 683 heredi-

363 696 455 732 tatis
488 695 632 730 alterna
668 693 919 738 conscriptio',
955 706 1180 739 quamquam
1215 695 1520 742 interpretationi
1554 699 1736 735 Breviarii
1771 701 1880 746 [Nova
1901 702 2064 746 Va1.1V,
2085 704 2116 750 1]
2152 705 2291 740 similia

362 756 458 795 sunt,
486 753 645 788 Isidorus
671 752 729 786 vel
755 753 885 786 auctor
911 752 989 787 eius
1013 764 1085 787 non
1111 765 1155 788 ex
1180 754 1263 800 lege
1289 755 1456 791 Romana
1481 756 1782 803 Visigothorum,
1809 760 1872 794 sed
1897 761 2025 806 potius
2050 773 2094 798 ex
2118 761 2198 798 iure
2223 762 2290 798 illo

363 809 688 847 consuetudinario
714 809 913 854 sumpsisse
932 810 1089 853 videtur,
1115 812 1223 856 quod,
1250 815 1293 848 ut
1318 813 1531 849 huiusmodi
1553 815 1696 850 ‘mutua
1713 817 1954 853 testamenta'
1970 817 2086 854 etiam
2107 819 2289 857 formulae

362 868 619 915 Visigothicae
657 871 695 903 et
730 867 1010 903 Andecavenses
1046 868 1245 913 praebent,
1284 882 1328 906 ex
1365 871 1530 907 fontibus
1564 872 1741 908 Romanis
1774 875 2078 921 Germanicisque
2114 877 2291 914 haustum

363 926 575 963 discrimina
606 925 731 971 legum
755 924 979 970 scriptarum
1004 926 1196 971 utriusque
1227 928 1391 963 nationis
1418 941 1629 975 exaequans
1662 929 1754 966 iuris
1785 931 2081 970 uniformitatem
2111 938 2244 981 postea
2268 948 2291 972 a

360 986 510 1032 regibus
535 984 747 1019 ordinatam
771 982 973 1018 antecessit
998 986 1035 1019 et
1061 985 1316 1030 praeparavit.

476 1052 748 1089 Reccesvindus
774 1064 805 1087 a.
825 1053 891 1088 654
916 1064 1011 1089 novo
1039 1054 1164 1090 codice
1192 1055 1293 1091 edito
1326 1068 1400 1091 non
1425 1057 1545 1092 solum
1571 1057 1713 1094 Gothos
1743 1060 1808 1095 sed
1833 1059 1950 1096 etiam
1974 1061 2161 1098 Romanos
2184 1062 2291 1109 regni

362 1113 418 1148 sui
446 1113 517 1147 hac
549 1114 696 1146 tant-um
726 1111 808 1157 lege
835 1110 959 1146 vivere
989 1111 1097 1148 iussit
1128 1112 1256 1157 itaque
1291 1114 1410 1150 codici
1435 1115 1650 1151 Alariciano
1683 1117 1777 1163 legis
1804 1117 1880 1153 vim
1905 1119 2070 1165 undique
2094 1120 2290 1165 sustulit.¹)

362 1171 517 1206 Constat
542 1169 657 1206 etiam
682 1168 878 1204 ecclesiam
903 1169 991 1204 huic
1018 1174 1221 1215 praecepto
1248 1171 1575 1218 obtemperavisse,
1602 1186 1674 1218 quo
1700 1175 1843 1211 factum
1869 1179 1943 1219 est,
1969 1180 2013 1213 ut
2037 1178 2097 1214 lex
2121 1178 2290 1215 Romana

361 1228 641 1274 Visigothorum
666 1238 750 1262 mox
775 1226 814 1261 in
838 1226 1021 1271 Hispa-nia
1046 1227 1085 1262 in
1111 1228 1336 1264 oblivionem
1363 1230 1515 1267 veniret.

476 1296 630 1344 Legitur
655 1296 804 1341 quidem
829 1296 865 1330 in
893 1296 973 1331 vita
1000 1296 1137 1332 Iuliani
1163 1297 1331 1344 episcopi
1358 1299 1534 1336 Toletani
1560 1301 1594 1346 [†
1619 1302 1716 1347 690],
1753 1315 1866 1348 quam
1900 1315 1994 1340 unus
2026 1317 2071 1341 ex
2095 1305 2175 1341 eius
2206 1318 2286 1341 suc-

361 1355 564 1391 cessoribus
589 1353 735 1389 nomine
760 1353 866 1390 Felix
893 1353 1093 1390 confecisse
1119 1354 1267 1397 dicitur,
1298 1357 1515 1402 episcopum
1541 1358 1655 1394 etiam
1680 1360 1835 1396 ‘librum
1860 1362 2154 1408 responsionum’
2177 1364 2290 1410 scrip-

360 1414 448 1448 sisse
472 1412 531 1448 ‘in
549 1412 797 1449 defensionem
823 1423 1004 1447 canonum
1030 1414 1067 1447 et-
1092 1412 1229 1459 legum,
1255 1414 1391 1458 quibus
1416 1415 1665 1460 prohibentur
1683 1416 1897 1454 Christiana
1920 1420 2111 1467 mancipia
2131 1421 2290 1457 dominis

359 1470 570 1506 infidelibus
607 1469 811 1506 deservire‘.
871 1469 1052 1505 Conratus
1090 1470 1136 1515 [I,
1163 1472 1229 1506 264
1245 1472 1269 1516 ⁵]
1308 1472 1543 1509 coniecturae
1578 1474 1702 1511 favere
1737 1475 1885 1512 videtur
1918 1477 2005 1514 illas
2041 1478 2159 1525 leges,
2197 1492 2290 1525 quas

359 1529 524 1565 Iulianus
551 1528 790 1569 defendisset,
825 1527 922 1562 inter
946 1527 1133 1563 Romanas
1159 1540 1237 1564 esse
1263 1531 1493 1575 quaerendas
1521 1531 1601 1577 [Th.
1620 1544 1702 1579 gen.
1722 1534 1818 1578 XVI,
1838 1536 1858 1569 9
1884 1535 1944 1571 vel
1968 1535 2027 1571 Β1.
2044 1536 2113 1573 Th.
2127 1537 2225 1580 XVI,
2242 1538 2289 1583 4].

360 1586 537 1628 Quamvis
562 1586 655 1621 mihi
682 1588 825 1622 constet
852 1585 1038 1621 Iulianum
1065 1598 1108 1621 ex
1133 1586 1320 1632 prioribus
1345 1588 1484 1625 aetatis
1510 1602 1598 1626 suae
1625 1590 1731 1626 annis
1755 1591 1939 1628 Breviarii
1964 1593 2141 1630 notitiam
2167 1606 2290 1631 serva-

360 1645 472 1688 visse,
508 1647 632 1680 tamen
667 1643 706 1678 in
738 1643 804 1678 illo
831 1643 926 1678 libro
951 1644 1232 1689 responsionum
1263 1657 1347 1681 eum
1375 1646 1503 1692 potius
1533 1648 1697 1694 legibus,
1732 1661 1825 1694 quas
1856 1662 1963 1697 reges
1987 1651 2215 1698 Visigothici
2246 1664 2290 1688 ex

358 1702 589 1749 temporibus
626 1701 827 1737 Reccaredi
866 1703 996 1736 contra
1026 1702 1182 1738 Iudaeos
1218 1703 1430 1749 ediderunt,
1467 1718 1573 1741 usum
1613 1718 1691 1743 esse
1728 1708 1850 1751 credo,
1889 1720 2046 1754 quarum
2083 1710 2290 1756 complures

359 1762 514 1797 Iudaeos
539 1759 741 1806 prohibent
767 1758 979 1794 Christiana
1006 1759 1197 1806 mancipia
1221 1762 1359 1798 habere
1387 1763 1472 1808 [LV.
1499 1764 1581 1807 XII,
1600 1765 1631 1808 2,
1651 1765 1705 1800 12.
1727 1767 1780 1801 13.
1800 1767 1862 1808 14;
1887 1766 1969 1810 XII,
1987 1768 2018 1810 3,
2038 1768 2082 1803 12
2097 1768 2176 1813 sq.].

478 1832 607 1876 Neque
643 1842 663 1865 a
697 1828 928 1875 temporibus
964 1829 1245 1866 constitutionis
1279 1831 1381 1867 illius
1413 1832 1752 1870 Reccesvindianae
1787 1834 1826 1870 in
1860 1835 2051 1872 codicibus
2080 1836 2288 1884 Hispaniae

358 1890 480 1925 adhuc
506 1888 711 1934 quidquam
735 1887 888 1932 reperiri
917 1888 1060 1933 potuit,
1095 1890 1194 1933 quod
1226 1890 1274 1925 ad
1299 1890 1481 1926 Breviarii
1511 1891 1688 1927 notitiam
1711 1893 1840 1928 referri
1872 1896 1999 1939 posset
2032 1897 2188 1941 excepto
2221 1895 2288 1931 illo

359 1947 495 1988 codice,
521 1946 585 1991 qui
610 1946 648 1981 111
673 1946 909 1982 bibliotheca
934 1947 1152 1983 monasterii
1171 1947 1439 1994 Rivipullensis
1465 1950 1613 1986 saeculo
1640 1951 1836 1987 undecimo
1861 1951 1975 1988 fuisse
1993 1952 2150 1989 videtur.
2191 1953 2288 1989 Nam

357 2009 399 2042 ut
423 2005 597 2040 Ewaldus
625 2004 715 2049 [NA.
741 2003 798 2048 VI,
818 2004 898 2049 389]
934 2016 999 2040 nos
1033 2005 1175 2047 docuit,
1211 2007 1406 2052 catalogus
1438 2007 1617 2043 librorum
1649 2008 1815 2044 eiusdem
1846 2009 2015 2051 coenobii
2045 2011 2193 2047 saeculo
2225 2024 2289 2047 un-

358 2064 500 2100 decimo
535 2063 766 2109 conscriptus
802 2062 913 2098 hodie
946 2075 1031 2098 vero
1067 2063 1143 2098 iam
1174 2063 1390 2109 deperditus
1427 2065 1524 2102 inter
1555 2069 1696 2102 ceteros
1727 2066 1841 2103 libros
1875 2068 1923 2103 ad
1957 2068 2079 2104 varias
2111 2068 2290 2105 scientias

357 2124 572 2168 spectantes
595 2134 668 2157 non
693 2121 812 2157 solum
837 2120 940 2156 illius
966 2120 1104 2156 codicis
1129 2121 1293 2157 eiusdem
1319 2123 1470 2165 saeculi,
1497 2124 1561 2169 qui
1587 2124 1697 2160 hodie
1722 2124 1761 2159 in
1787 2125 1955 2161 archivio
1981 2137 2137 2163 60101136
2161 2126 2288 2173 regiae

356 2179 567 2226 Aragoniae
595 2178 889 2215 Barchinonensi
919 2179 1127 2224 seponitur,
1165 2180 1393 2217 mentionem
1425 2181 1535 2224 facit,
1568 2194 1640 2227 quo
1671 2184 1821 2228 praeter
1852 2184 2030 2220 nonnulla
2061 2183 2289 2234 capitularia

358 2238 481 2274 Caroli
506 2238 635 2284 Magni
661 2236 776 2274 etiam
803 2236 975 2283 Ansegisi
1001 2237 1262 2274 collectionem
1288 2239 1502 2275 continente
1527 2240 1704 2276 Baluzius
1730 2243 1768 2277 et
1793 2240 1961 2277 Pertzius
1985 2244 2024 2278 et
2046 2241 2220 2285 Boretius
2249 2242 2290 2278 in

357 2295 585 2332 editionibus
612 2295 878 2341 capitularium
902 2306 1032 2341 regum
1058 2295 1281 2331 Francorum
1310 2296 1367 2332 usi
1401 2300 1505 2339 sunt,
1537 2298 1602 2334 sed
1628 2297 1744 2334 etiam
1770 2299 1936 2335 codicem
1960 2300 2145 2345 quendam
2173 2300 2289 2346 ‘legis

357 2354 559 2390 Romanae'
585 2355 862 2396 commemorat,
897 2365 970 2398 quo
998 2353 1145 2389 nomine
1171 2357 1261 2390 tunc
1292 2355 1331 2390 in
1355 2355 1527 2401 partibus
1553 2355 1759 2402 Hispaniae
1786 2357 1847 2393 vix
1871 2357 1990 2393 alium
2013 2357 2151 2394 librum
2176 2369 2286 2403 quam

356 2411 589 2448 Breviarium
614 2411 756 2447 Alarici
781 2410 1000 2457 intellegere
1029 2423 1234 2457 possumus.
1277 2413 1384 2449 Alter
1410 2414 1525 2450 codex
1551 2414 1814 2460 [Legionensis,
1841 2415 1914 2451 hac
1939 2415 2104 2452 editione
2129 2415 2176 2461 H]
2201 2417 2289 2451 ante

357 2470 649 2506 Reccesvindum
679 2469 841 2515 scriptus
872 2470 1001 2515 paullo
1036 2473 1121 2516 post
1152 2470 1263 2506 huius
1292 2471 1391 2517 regis
1423 2471 1745 2517 constitutionem,
1782 2485 1894 2518 quam
1925 2485 2039 2520 supra
2071 2485 2289 2510 commemo-

357 2528 536 2572 ravimus,
572 2527 775 2573 rescriptus
811 2531 868 2564 est
904 2530 942 2564 et
973 2527 1029 2563 ita
1060 2528 1108 2563 ad
1144 2540 1210 2563 nos
1243 2529 1416 2574 pervenit
1448 2530 1664 2575 [Mommsen
1700 2530 1739 2566 in
1775 2531 1834 2566 his
1864 2530 2142 2578 Prolegomenis
2176 2541 2290 2577 supra

357 2599 393 2632 p.
419 2586 543 2631 LXXJ.

473 2656 532 2691 Ita
556 2654 647 2690 iuris
672 2655 829 2690 Romani
855 2655 1034 2691 librorum
1058 2655 1197 2691 notitia
1222 2656 1260 2691 in
1286 2655 1471 2702 Hispania
1497 2657 1660 2698 evanuit,
1689 2658 1806 2694 donec
1832 2659 1980 2695 saeculo
2006 2657 2150 2695 decimo
2174 2657 2289 2694 tertio

357 2713 479 2750 medio
510 2713 599 2748 libri
631 2712 722 2748 iuris
747 2712 970 2749 Iustinianei
1003 2713 1144 2750 ibidem
1174 2716 1444 2760 pernotuerunt
1470 2714 1622 2760 [Conrat
1647 2716 1674 2758 I,
1698 2716 1769 2761 33].
1818 2716 1905 2752 Non
1929 2716 2177 2752 omittendum
2202 2726 2288 2751 vero

359 2774 415 2808 est
439 2771 675 2808 Usaticorum
700 2770 972 2807 Barchinoniae
983 2773 1009 2815 ²)
1040 2772 1112 2807 duo
1145 2772 1274 2818 capita
1299 2773 1347 2808 ad
1371 2772 1604 2809 Breviarium
1628 2773 1770 2809 Alarici
1801 2776 1982 2819 spectare.
2030 2773 2123 2809 Sunt
2151 2785 2196 2809 ex
2220 2773 2289 2809 illa

358 2832 465 2876 parte
496 2829 746 2873 Usaticorum‚
782 2841 877 2874 quae
913 2841 985 2864 non
1023 2829 1071 2865 ad
1105 2829 1265 2875 primam
1296 2830 1550 2867 redactionem
1587 2830 1768 2876 pertinet,
1802 2832 1868 2867 sed
1900 2843 1920 2867 e
1956 2831 2104 2879 legibus
2140 2830 2289 2867 comitis

358 2887 559 2923 Raimundi
585 2886 812 2933 Berengarii,
839 2886 904 2932 qui
928 2899 1024 2923 anno
1052 2889 1140 2923 1076
1166 2887 1278 2931 obiit,
1305 2892 1482 2934 excerpta
1506 2891 1572 2925 est.
1621 2889 1724 2925 Haec
1750 2889 1891 2934 capita,
1917 2889 1949 2924 si
1974 2888 2122 2924 Fickeri
2147 2888 2289 2934 opinio-

358 2957 441 2981 nem
467 2945 662 2990 sequimur,
690 2957 772 2980 cum
797 2945 884 2980 aliis
908 2945 1018 2980 huius
1043 2945 1277 2982 collectionis
1296 2946 1343 2981 ab
1362 2945 1634 2982 iurisconsultis
1651 2946 1762 2982 huius
1781 2945 1928 2982 comitis
1947 2958 1992 2982 ex
2009 2945 2177 2983 extranei
2199 2944 2289 2980 iuris

358 3003 523 3040 fontibus
547 3003 683 3039 hausta
708 3006 803 3039 sunt.
853 3003 972 3039 Nemo
997 3005 1070 3046 est,
1103 3002 1168 3049 qui
1200 3003 1328 3040 credat
1358 3002 1639 3041 iurisconsultos
1669 3004 1800 3041 eadem
1831 3016 1876 3041 ex
1905 3004 1987 3051 ipso
2019 3003 2146 3041 codice
2171 3003 2289 3040 Alari-

360 3061 466 3097 ciano
492 3061 702 3106 sumpsisse.

479 3197 505 3240 ¹)
530 3199 674 3230 Zeumer
698 3198 770 3230 NA.
796 3198 923 3239 XXHI,
941 3195 1010 3230 484
1023 3207 1072 3239 sq.
1121 3198 1258 3230 Patetta
1281 3197 1317 3229 in
1341 3197 1483 3240 Digesto
1508 3197 1652 3231 Italiano
1678 3198 1718 3238 V,
1737 3197 1816 3232 977.

478 3265 504 3308 2)
532 3267 583 3299 ed.
601 3266 733 3299 Giraud
758 3266 793 3298 in
809 3264 922 3299 ‘Essai
941 3278 1000 3299 sur
1016 3265 1180 3299 l'histoire
1197 3266 1244 3298 du
1261 3266 1348 3299 droit
1365 3267 1512 3307 francais
1537 3277 1584 3299 au
1608 3278 1732 3310 moyen
1749 3265 1835 3310 age’,
1859 3267 1959 3301 Paris
1978 3264 2076 3308 1846,
2101 3267 2144 3307 11,
2157 3254 2225 3299 4'65
2237 3274 2287 3306 sq.

362 3313 421 3345 cfr.
448 3312 570 3345 Ficker
597 3313 632 3344 in
657 3313 793 3345 IOeGF.
820 3313 915 3345 Tom.
942 3312 1053 3356 suppl.
1082 3314 1129 3352 Π,
1162 3324 1193 3356 p.
1212 3311 1277 3345 261
1293 3323 1342 3355 sq.
1391 3313 1560 3346 comatus
1586 3312 1625 3355 [1‚
1648 3312 1717 3346 33⁶
1741 3320 1775 3347 et
1799 3311 1904 3356 470⁷]
1929 3313 2014 3347 haec
2038 3312 2176 3355 aliaque
2200 3313 2288 3354 frag-

363 3364 474 3391 menta
499 3359 690 3391 collectioni
715 3359 892 3401 aliquanto
918 3366 993 3402 post
1017 3360 1145 3392 inserta
1169 3370 1243 3392 esse
1268 3363 1375 3402 putat.
