2485 3615
1215 131 1478 171 -cv1-*

816 239 861 275 22
888 239 1008 275 Codex
1034 238 1312 274 Theodosianus

816 298 861 333 70
888 297 1009 332 Codex
1035 295 1311 332 Theodosianus

817 355 860 389 78
887 354 1008 390 Codex
1034 353 1323 395 Theodosianus,
1349 353 1667 400 Hermogenianus
1692 357 1730 391 et
1755 356 1962 392 sententiae
1988 356 2122 392 Paulli.

471 436 578 472 Alter
602 435 802 480 inscriptus
829 434 1020 478 Cataloyue
1045 433 1104 468 des
1128 444 1206 468 mss.
1234 433 1275 467 de
1300 433 1412 477 omas
1440 433 1557 468 dress&
1585 434 1688 478 apres
1712 445 1755 469 sa
1777 439 1868 471 mort
1893 446 1935 469 en
1961 441 2047 472 1590
2071 436 2138 480 (ed.
2166 448 2209 471 ex
2234 448 2299 471 ms.

471 492 681 529 Rosanbino
707 492 774 527 276
799 491 822 525 f.
839 490 883 525 38
893 490 981 526 —72
1006 490 1103 525 idem
1129 489 1263 526 Omont
1288 490 1325 525 in
1351 491 1479 526 eadem
1505 491 1740 536 ephemeride
1768 492 1856 528 1888
1880 505 1915 538 p.
1934 493 2015 537 631)
2039 493 2123 528 hos:

814 571 879 605 251
909 570 1087 616 Capitula
1113 570 1237 606 Caroli
1263 573 1300 606 et
1325 571 1503 606 Ludovici
1528 574 1568 607 et
1592 572 1694 618 leges
1720 571 1866 608 Codicis
1891 573 2072 610 Theodos.

815 628 882 663 270
908 627 1029 663 Codex
1055 628 1343 664 Theodosianus.

380 709 555 744 Everardi
588 709 733 744 comilis
760 708 1022 744 Foroiuliensis
1049 720 1081 744 a.
1100 708 1165 743 837
1191 709 1238 753 (n.
1259 710 1301 743 12
1326 721 1361 754 p.
1379 709 1455 752 29);
1486 709 1507 744 8
1532 709 1658 744 librum
1687 709 1727 744 de
1756 710 2066 744 constitutionibus
2091 709 2299 754 principum

470 769 501 800 et
525 765 644 800 edictis
667 766 935 811 imperatorum.
977 766 1066 800 Inde
1086 765 1233 802 videtur
1251 766 1458 812 descriptus
1484 778 1561 802 esse
1585 768 1710 802 noster
1729 766 1921 802 Gothanus
1939 770 2065 813 (supra
2088 779 2123 812 p.
2137 766 2300 808 LXXII).

378 834 678 870 Hamiltonianus
708 848 742 869 n.
762 834 827 870 132
858 846 952 870 saec.
967 834 1121 879 VIIIJIX
1147 835 1415 878 (Wattenbach
1448 847 1555 871 ‘nezces
1579 836 1711 871 Archiv
1734 836 1765 878 8,
1785 836 1881 881 335):
1915 835 1998 870 leber
2028 836 2111 882 leyis
2137 836 2301 871 Romane

470 894 507 927 et
532 891 752 937 interposito
778 892 852 928 alio
879 892 964 927 liber
988 893 1072 938 leqis
1097 892 1338 928 Theodosiana
1363 896 1401 929 et-
1426 893 1656 939 interpositis
1682 893 1767 929 aliis
1793 893 1877 928 liber
1899 892 2101 928 Theodosii.

376 960 524 1005 Massay
550 960 702 1004 (Delisle
727 961 799 996 cab.
824 960 884 995 des
906 961 1122 995 mamcserits
1146 961 1168 995 2
1193 974 1228 1006 p.
1245 962 1345 1006 442):
1372 962 1415 997 66
1440 966 1511 998 tres
1535 963 1617 997 libri
1641 962 1684 997 de
1709 962 1845 1008 Zeyibus
1866 961 2063 997 Theodosii.

377 1027 504 1073 Ripoli
529 1028 792 1065 monasterium
817 1032 904 1065 ante
929 1041 962 1065 a.
982 1030 1070 1066 1046
1095 1030 1251 1074 (Becker
1275 1043 1308 1066 n.
1325 1032 1369 1066 49
1396 1044 1430 1076 p.
1451 1032 1546 1076 134):
1573 1033 1592 1066 7
1618 1033 1721 1078 Zeyem
1748 1028 1965 1067 Romanam

377 1095 479 1131 Tulli
497 1096 700 1132 Leucorum
717 1101 803 1134 aute
828 1110 859 1134 a.
877 1099 966 1134 1084
983 1099 1137 1143 (Becker
1154 1111 1187 1134 n.
1203 1099 1247 1135 68
1265 1112 1299 1145 p.
1318 1100 1414 1145 150):
1439 1101 1483 1136 47
1509 1103 1602 1146 Auy.
1621 1100 1661 1136 de
1677 1101 1896 1136 mirabilibus
1918 1100 2048 1135 mundi
2071 1110 2150 1135 oum
2175 1099 2302 1144 lembus

473 1154 660 1190 Theodosii
683 1159 714 1190 et
734 1156 859 1200 ylossis
877 1157 1105 1202 proloyorum
1129 1158 1192 1192 rol.
1212 1158 1242 1193 I.

491 1244 589 1285 Quot
613 1246 841 1291 exemplaria
865 1248 1047 1283 Breviarii
1074 1248 1225 1293 eiusque
1251 1249 1500 1294 epitomarum
1520 1250 1645 1286 Gallia
1670 1251 1871 1296 aliquando
1901 1249 2074 1291 servarit,
2108 1249 2301 1285 declarant

376 1302 435 1337 vel
467 1302 627 1338 maxime
659 1303 804 1339 codices
834 1304 1034 1340 Pithoeani
1066 1306 1155 1349 duo,
1189 1307 1287 1342 alter
1317 1307 1428 1343 hodie
1461 1308 1650 1344 Parisinus
1673 1309 1780 1351 4406,
1813 1309 1910 1344 alter
1942 1308 2019 1343 iam
2050 1306 2300 1343 Berolinensis

375 1359 436 1394 fol.
455 1359 524 1395 270
549 1363 587 1394 et
619 1359 752 1396 tertius
777 1361 1017 1397 Danielianus
1048 1363 1158 1399 hodie
1174 1363 1379 1400 Vaticanus
1403 1365 1554 1411 reginae
1577 1368 1644 1403 520
1669 1366 1819 1402 formati
1852 1378 1896 1402 ex
1921 1365 2101 1401 eiusmodi
2129 1362 2300 1399 codicum

375 1417 502 1452 decem
527 1415 735 1461 ampliusve
760 1431 910 1455 numero
935 1420 1036 1456 foliis
1061 1421 1227 1457 residuis.
