2485 3615
111 412 309 445 cardinalis

110 459 308 492 Hostiensis.

132 1459 272 1492 Alcuini

117 1506 288 1548 epistolae.

103 1806 275 1848 opuscula

66 1853 248 1885 Hinc-mari
274 1862 314 1884 eac

94 1899 166 1933 cod.
185 1898 281 1931 Leid.

69 2003 224 2036 C'ollectio
249 2003 321 2036 cod.

89 2050 298 2090 montispess.

128 2096 176 2129 H.
193 2098 232 2128 13
238 2099 263 2128 7.

1163 145 1206 154 ⁵—
1255 125 1406 164 CCCLX
1453 145 1499 153 -.,.

369 236 490 274 addit:
515 236 589 272 ‘sed
614 236 707 271 illud
734 237 789 271 est
814 234 874 270 lex
900 231 1168 273 Theodosiana,
1195 244 1262 268 nec
1287 232 1405 267 habet
1429 232 1551 267 locum
1575 231 1709 273 hodie',
1734 230 1876 267 nullam
1901 231 2019 277 ipsius
2045 229 2297 267 Theodosiani

368 295 543 330 notitiam
583 294 762 335 ostendit,
800 293 889 337 quia
929 292 1004 326 iam
1037 291 1240 326 Gratianus
1276 291 1374 325 hunc
1406 301 1584 325 canonem
1614 301 1658 325 ex
1690 289 1946 326 Theodosiano
1979 291 2189 336 profectum
2221 301 2299 325 esse

369 353 567 387 memoriae
592 352 768 396 prodidit.

485 409 650 453 Denique
669 408 868 443 cardinalis
888 406 1094 441 Hostiensis
1120 405 1156 439 in
1177 405 1366 450 prooemio
1384 404 1555 440 Summae
1573 405 1826 446 decretalium,
1852 405 1917 440 ubi
1942 406 2057 440 libros
2083 416 2299 440 commemo-

368 470 438 508 rat,
465 467 503 501 in
520 466 654 510 quibus
679 465 813 510 legalis
838 464 1026 508 sapientia
1045 463 1228 506 consistit,
1256 462 1437 498 Breviarii
1462 463 1605 497 nullam
1630 462 1858 498 mentionem
1875 463 2015 507 facit’),
2042 474 2085 498 ex
2110 474 2182 507 quo
2208 462 2300 497 item

371 524 564 569 colligeres
595 523 760 557 scholam
790 521 879 555 iuris
911 520 1034 555 civilis
1069 522 1107 555 et
1139 520 1309 554 canonici
1341 519 1516 554 Italicam
1547 519 1777 564 exemplaria
1808 520 1990 554 Breviarii
2022 531 2095 555 non
2125 519 2300 555 habuisse

370 582 533 625 iurisque
551 580 719 616 canonici
738 579 937 623 scriptores
962 590 1005 613 ex
1023 578 1137 612 ltalia
1154 578 1341 622 profectos
1368 589 1411 612 ex
1436 577 1522 612 aliis
1540 580 1688 612 tantum
1713 577 1864 622 scriptis
1890 578 2071 612 incertam
2097 579 2136 612 et
2159 577 2300 612 levissi—

369 651 468 674 mam
494 636 742 673 Theodosiani
769 636 945 670 notitiam
969 635 1144 670 habuisse
1175 646 1294 679 neque
1325 635 1492 679 quidem,
1531 646 1626 679 quae
1663 635 1761 670 inter
1793 634 1900 668 illum
1935 637 1973 669 et
2006 634 2303 670 codificationem

369 696 622 731 Alaricianam
648 693 859 729 differentia
884 696 991 735 esset,
1019 693 1245 739 cognovisse.

489 823 514 863 ¹)
541 823 638 856 Sav.²
663 824 722 856 ΙΙΙ,
742 821 844 854 4213.

1206 1344 1467 1392 Addenda.

371 1457 418 1492 ad
449 1469 484 1502 p.
509 1455 679 1491 CCCXX.
734 1455 912 1490 Alcuinus
943 1456 981 1490 in
1016 1456 1179 1501 epistola
1204 1457 1366 1500 quadam
1398 1455 1485 1491 anni
1512 1456 1579 1489 801
1615 1454 1674 1489 vel
1707 1455 1775 1489 802
1805 1455 1984 1489 nonnulla
2014 1454 2226 1500 fragmenta
2261 1465 2305 1489 cx

512 1514 704 1548 Breviario
718 1514 875 1558 praebet
888 1515 959 1558 (ep.
969 1515 1036 1548 118
1050 1515 1104 1550 ed.
1112 1514 1303 1549 Dfiinmler
1315 1513 1612 1548 in‘Bibliotheca
1625 1524 1746 1548 rerum
1756 1511 2073 1548 Germanicarum'
2082 1513 2144 1554 VI,
2155 1513 2219 1547 631
2229 1515 2306 1557 sq.).

511 1572 605 1607 Sunt
641 1572 752 1606 haec:
790 1572 848 1606 Br.
872 1571 977 1606 Paul.
1001 1571 1044 1615 V,
1063 1572 1118 1615 28,
1139 1573 1169 1607 1.
1193 1572 1214 1606 2
1250 1584 1330 1607 cum
1363 1572 1447 1612 int.;
1486 1571 1545 1605 ΒΓ.
1570 1571 1637 1605 Th.
1663 1569 1725 1611 IX,
1744 1570 1775 1611 2,
1795 1571 1816 1605 3
1847 1582 1930 1605 cum
1960 1570 2028 1606 int.
2063 1573 2101 1606 et
2132 1570 2194 1613 IX,
2213 1570 2268 1612 34,
2289 1572 2305 1604 1

511 1642 593 1665 cum
618 1629 686 1665 int.

372 1712 420 1747 ad
446 1724 480 1756 p.
500 1710 738 1746 CCCXXV1⁴
762 1710 857 1747 adde
884 1711 1022 1746 Conrat
1047 1711 1073 1752 I,
1094 1711 1136 1745 78
1149 1712 1173 1745 ⁰.

373 1792 420 1827 ad
445 1804 480 1837 p.
500 1791 684 1826 CCCXLI.
734 1791 922 1837 Opuscula
954 1792 1149 1827 Hincmari
1181 1791 1374 1827 Remensis
1408 1791 1702 1837 archiepiscopi,
1733 1803 1828 1836 quae
1860 1790 2102 1827 Gundlachus
2133 1789 2172 1824 in
2201 1789 2308 1825 ‘Zeit-

510 1849 642 1885 schrift
667 1850 725 1884 fiir
742 1849 1139 1895 Kirchengeschichte'
1163 1850 1206 1892 X,
1226 1851 1270 1884 92
1284 1862 1337 1894 sq.
1357 1852 1394 1885 et
1412 1850 1480 1884 258
1493 1862 1546 1894 sq.
1573 1861 1617 1885 ex
1642 1848 1769 1885 codice
1787 1849 1852 1884 141
1871 1847 2126 1884 bibliothecae
2149 1847 2307 1883 univers.

512 1907 701 1943 Leidensis
726 1907 856 1950 edidit,
882 1908 986 1943 nulla
1011 1907 1197 1943 Breviarii
1222 1908 1434 1953 fragmenta
1460 1907 1663 1943 continent.

374 1989 420 2024 ad
447 2001 481 2034 p.
500 1988 720 2024 CCCXLIII.
777 1988 961 2028 Quosdam
992 1987 1175 2024 Breviarii
1206 1988 1307 2022 locos
1341 1988 1565 2033 compilator
1597 1987 1830 2022 collectionis
1860 1986 1889 2020 B
1926 1985 1964 2021 in
1999 1985 2124 2033 codice
2155 1984 2308 2020 Montis-

511 2046 710 2091 pessulano
744 2045 788 2080 H.
815 2047 880 2080 137
911 2045 1029 2080 habet
1066 2058 1109 2080 ex
1140 2045 1337 2081 Benedicti
1375 2045 1530 2081 Levitae
1568 2044 1841 2090 capitularibus
1876 2046 2055 2090 sumptos.
2112 2043 2308 2079 Tractavit

512 2104 609 2139 hunc
635 2104 798 2139 codicem
825 2104 863 2138 P.
885 2103 1064 2139 Fournier
1088 2103 1127 2138 in
1153 2105 1244 2139 Anu
1265 2103 1368 2140 Grat.
1388 2104 1507 2147 (1897)
1533 2116 1569 2149 p.
1591 2105 1676 2147 lsq.

489 2402 638 2438 Gratias
669 2403 849 2439 maximas
884 2414 954 2450 ago
988 2402 1257 2449 professoribus
1287 2403 1526 2439 Hirschfeldo
1558 2405 1596 2439 et
1628 2402 1783 2438 Seeckio
1817 2405 1856 2438 et
1886 2402 2053 2449 collegae
2084 2413 2168 2438 meo
2201 2401 2308 2438 Oeni-

375 2474 540 2517 pontano
566 2473 696 2508 Carolo
729 2472 773 2508 de
799 2472 1004 2518 Radinger,
1036 2473 1100 2517 qui
1133 2484 1192 2507 me
1225 2472 1263 2506 in
1295 2472 1521 2518 corrigendis
1554 2471 1718 2517 plagulis
1750 2470 1861 2506 huius
1892 2471 2014 2517 operis
2047 2470 2309 2507 liberalissime

375 2541 610 2577 adiuverunt.
652 2541 814 2577 Indicem
832 2541 996 2577 locorum
1016 2553 1059 2577 ex
1077 2542 1269 2577 Breviario
1295 2541 1550 2577 adhibitorum
1569 2541 1730 2577 confecit
1749 2540 1956 2587 discipulus
1980 2552 2084 2577 meus
2100 2540 2308 2577 Guilelmus

375 2610 640 2647 Rottleuthner
667 2611 959 2656 Oenipontanus.
