2501 3615
965 179 1006 184 —
1056 158 1170 194 XCIX
1220 178 1263 184 —

153 262 217 307 qui
242 261 410 307 sequitur
426 260 540 296 Paris.
557 262 649 297 4415
667 261 704 296 in
723 261 981 298 'I'heodosiano
1005 261 1200 307 inscriptio
1227 261 1365 297 ficticia
1390 260 1668 296 constitutionis
1688 261 1739 302 12,
1757 261 1785 302 1,
1800 262 1855 302 47,
1882 263 2075 306 praeterea

154 320 190 355 in
223 319 516 366 Hermogeniano
548 318 682 354 titulus
713 319 756 355 de
790 319 867 356 iure
897 319 974 355 fisci
1000 320 1183 365 (Krueger
1207 332 1242 365 p.
1260 319 1356 364 244),
1389 318 1546 364 denique
1578 318 1680 353 locus
1711 318 1864 365 originis
1896 318 2074 354 incertae:

152 377 355 421 respuenda
384 380 467 411 sunt
499 376 618 421 iaryia
647 380 677 410 et
706 377 948 421 aniplcctenda
978 377 1081 421 pacis
1113 377 1374 421 tranquillitas,
1405 376 1493 420 quia
1516 375 1733 411 commodius
1758 379 1806 411 est
1831 376 1910 410 lites
1930 376 2076 420 pacifice

153 434 299 479 desinire
322 445 427 479 quam
452 434 517 469 sub
540 435 704 478 aitibiyuo
729 435 920 470 certamine
943 433 1201 478 dispendiosam
1227 438 1404 479 eaepcctare
1430 434 1618 470 victoriam.

271 543 458 580 Parisinus
483 545 573 580 4415
605 556 649 580 ex
674 544 877 590 exemplari
909 544 1048 590 scripto
1078 555 1193 578 mense
1218 544 1376 578 Deccmb.
1404 555 1503 578 aimo
1530 543 1606 578 XV
1628 546 1800 589 regiam-te
1827 543 1964 578 Karolo
1988 553 2075 587 φερε,

154 602 191 637 id
211 605 266 638 est
292 614 323 637 a.
340 603 405 637 782
424 604 597 640 extremo.
624 602 831 648 descriptus
849 614 942 637 saec.
960 602 1008 636 IX
1027 601 1184 645 (Haenel
1202 602 1246 636 34
1268 618 1309 631 =
1328 602 1385 646 33)
1404 601 1639 647 praecedenti
1657 601 1849 648 gemellus
1888 600 2078 637 Breviario

153 658 415 695 subscribitur:
442 660 585 704 eoeplicil
611 660 695 694 liber
719 660 829 705 lequm
858 659 1140 694 Theudosianas.

270 767 459 804 Parisinus
483 769 564 804 Lat.
578 770 668 804 9652
694 770 821 811 (antea
846 769 968 814 suppl.
987 769 1069 804 Lat..
1088 769 1178 813 779),
1204 781 1362 813 quocum
1388 768 1573 815 iungenda
1598 771 1683 804 suut·
1709 768 1816 804 hodie
1842 769 1879 804 in
1906 769 2076 805 volumen

156 826 363 861 Parisinum
389 827 480 862 4406
507 826 675 862 coniecta
700 826 791 861 folia
817 829 901 862 octo
926 827 1074 862 60-67
1100 827 1253 870 (Haenel
1280 827 1324 861 44
1344 842 1384 855 z
1403 827 1472 870 35),
1499 826 1586 862 olim
1613 826 1887 862 Bellovacensis
1912 826 2079 872 (inscrip-

154 886 233 919 tum
258 887 315 920 est
346 884 382 918 in
408 884 594 930 principio
625 895 661 919 ce
685 885 769 919 lirrc
794 885 991 919 manuscrit
1015 884 1197 928 «partient
1221 885 1245 918 ἰι
1269 885 1305 918 la
1330 884 1570 928 Bibliotlieque
1593 884 1643 918 clu
1666 885 1821 928 chapitre
1845 884 1886 918 de
1910 884 1945 918 la
1969 884 2079 919 catlie'-

151 941 250 976 drale
280 941 321 976 dc
352 942 530 977 Baua-ais
563 941 775 986 citaturque
807 941 1007 986 aliquoties
1042 942 1109 977 sub
1144 941 1291 977 nomine
1325 941 1636 985 Bellovace11sis¹>
1672 941 1709 976 in
1744 941 1978 983 Pithoeanis,
2014 941 2079 977 sci-

153 999 244 1035 licet
277 999 324 1034 iis
349 1000 393 1036 de
419 999 554 1044 quibus
579 1011 691 1044 supra
716 998 875 1034 diximus
900 999 948 1034 ad
974 998 1220 1034 Pithoeanum
1245 999 1352 1035 nobis
1378 999 1451 1043 F),
1485 999 1616 1034 deinde
1648 999 1748 1044 apud
1775 999 1975 1035 Antonium
2001 999 2078 1034 Loi-

154 1057 305 1098 sellum,
331 1056 390 1092 cui
417 1056 454 1091 in
479 1057 533 1092 ed.
561 1069 593 1092 a.
615 1057 701 1091 1566
726 1055 896 1092 Cuiacius
921 1059 1097 1102 acceptas
1122 1057 1194 1092 fert
1218 1057 1384 1093 novellas
1409 1056 1621 1098 Maioriani,
1654 1069 1736 1092 mox
1768 1057 1868 1102 apud
1894 1056 2078 1097 Pithoeos,

155 1113 360 1150 recentiore
385 1116 511 1149 aetate
538 1113 735 1159 Luguduni
768 1113 805 1147 in
830 1112 1070 1149 Bibliotheca
1097 1114 1176 1159 Gay
1209 1126 1253 1150 ea
1279 1114 1429 1160 publice
1456 1115 1679 1150 venumdata
1704 1126 1736 1149 a.
1757 1114 1845 1148 1834
1870 1113 1998 1149 illatus
2023 1116 2080 1149 est

154 1171 191 1206 in
226 1171 495 1207 bibliothecam
528 1170 744 1206 Parisinam.
800 1170 968 1216 Scriptus
1001 1173 1059 1207 est
1095 1171 1209 1207 codex
1245 1183 1339 1208 saec.
1359 1172 1408 1206 IX
1445 1172 1503 1206 fin.
1540 1171 1578 1206 in
1615 1171 1750 1207 Gallia.
1810 1170 2080 1207 Praescribitur

155 1228 354 1264 breviario:
380 1228 504 1272 incipit
528 1228 616 1263 liber
641 1228 774 1272 layum,-
797 1228 966 1273 sequitur
990 1229 1326 1264 commonitorium:
1364 1231 1560 1264 auctoritas
1586 1229 1725 1263 Alarici
1756 1228 1855 1272 reyis.
1904 1229 2080 1262 utilitates

181 1313 216 1321 ..
241 1286 472 1332 constrinyat.
521 1286 685 1330 explicit,·
710 1285 843 1321 deinde
869 1286 1054 1322 rubricae:
1091 1287 1187 1321 tituli
1215 1287 1330 1331 leyum
1356 1297 1399 1321 επ
1427 1297 1573 1332 corpore
1601 1286 1849 1321 Theodosiana
1880 1285 2080 1329 explananti,-

153 1345 239 1389 post
269 1354 332 1380 eas
356 1342 582 1379 breviarium
615 1342 735 1388 ipsum
769 1342 880 1378 solito
915 1355 1013 1379 more
1045 1343 1257 1386 exhibetur,
1283 1346 1326 1380 ut
1351 1344 1455 1390 ipsae
1481 1343 1767 1380 constitutiones
1801 1342 1991 1384 deficiant,
2017 1343 2079 1378 sed

152 1413 196 1437 eo
221 1400 368 1437 nomine
393 1412 415 1436 a
437 1400 583 1447 vulgari
610 1401 727 1436 forma
752 1401 936 1443 recedens,
962 1402 1060 1446 quod
1085 1405 1169 1447 post
1195 1402 1303 1437 finem
1321 1401 1572 1438 Theodosiani
1597 1401 1710 1438 titulo
1738 1402 1790 1443 16,
1805 1402 1825 1435 5
1849 1400 1891 1435 de
1915 1400 2081 1444 reliyione

154 1457 390 1504 subiungitur
423 1458 490 1494 sub
525 1458 638 1495 titulo
671 1458 715 1493 de
744 1459 934 1503 episcopali
964 1459 1096 1494 iudicio
1130 1460 1349 1496 constitutio
1381 1460 1679 1496 SirmondianaI
1710 1461 1749 1495 et
1777 1459 1876 1504 quod
1909 1458 2079 1493 novellae

153 1515 351 1552 Maioriani
388 1515 449 1551 hic
484 1516 720 1562 reperiuntur
753 1529 815 1552 sex
851 1516 1012 1562 primae;
1051 1517 1208 1562 denique
1246 1520 1332 1563 post
1369 1518 1476 1553 finem
1509 1517 1686 1553 breviarii
1721 1516 1760 1551 in
1793 1515 1960 1561 Papiano
1998 1515 2080 1550 sub-

152 1573 343 1609 scribitur:
369 1574 514 1619 explicit
539 1574 624 1609 liber
648 1574 830 1609 iuredicas
853 1585 896 1609 ev
919 1574 1135 1610 dii-ersormn
1159 1576 1339 1610 sententiis
1363 1576 1562 1610 elucidatas
1591 1575 1740 1618 feliciter
1770 1573 1942 1609 similiter
1967 1575 2079 1618 atque

155 1632 213 1666 est
238 1630 277 1666 in
302 1631 346 1666 N
366 1633 404 1667 et
429 1630 526 1667 inter
553 1631 766 1667 decurtatos
790 1632 828 1667 in
853 1632 1081 1668 Berolinensi
1106 1632 1343 1679 Savigniano.

271 1734 458 1770 Parisinus
482 1735 573 1770 9653
606 1735 743 1781 (suppl.
772 1736 852 1772 Lat.
869 1736 927 1780 65)
953 1748 1047 1772 saec.
1066 1737 1116 1771 IX
1143 1737 1298 1781 (Haenel
1324 1737 1368 1771 26
1395 1752 1436 1765 =
1463 1737 1529 1781 27).
1579 1736 1676 1771 Ante
1705 1734 1870 1770 rubricas
1897 1733 2079 1770 Breviarii

154 1791 310 1839 legitur:
343 1793 386 1826 in
416 1792 473 1828 dei
496 1797 580 1828 nom
604 1793 787 1837 incipiunt
817 1793 974 1838 capitula
998 1794 1080 1829 libri
1103 1795 1216 1840 leyam
1249 1794 1510 1835 Romanor-mm
1547 1796 1634 1829 ante
1670 1791 1902 1827 Breviarium
1938 1791 2076 1837 ipsum:

155 1850 280 1895 incipit
305 1851 472 1895 proloqus
504 1851 637 1895 legum.-
670 1851 736 1885 sab
767 1855 915 1895 tempore
939 1851 1079 1886 Alarici
1108 1862 1186 1896 reye
1212 1851 1385 1886 Gotorum
1415 1852 1488 1894 fuit
1519 1851 1606 1885 data
1635 1850 1813 1885 sententia
1841 1849 1941 1894 u(t?)
1972 1849 2079 1884 libros

153 1907 281 1952 leyum,
312 1908 374 1952 qui
402 1908 444 1942 in
471 1907 614 1942 liei-ario
642 1907 733 1952 reyis
765 1912 869 1943 erant
896 1909 1044 1943 retrusi.-
1079 1919 1262 1943 excarsum
1288 1920 1331 1944 ex
1361 1909 1523 1943 omnibus
1548 1908 1645 1943 libris
1675 1907 1748 1951 fuit
1773 1907 2015 1950 conscriptum
2039 1906 2080 1940 in

153 1976 266 1999 unum
290 1965 449 2001 colunum
467 1975 536 2009 per
560 1976 705 2000 manum
729 1966 845 2011 legam
871 1966 952 2011 (sic)
978 1967 1062 2011 legis
1088 1967 1248 2002 Romani
1280 1967 1445 2002 Goiarico
1470 1966 1602 2009 comite,
1630 1965 1809 2000 Gratiano
1834 1964 1975 1999 notario
1998 1964 2079 1998 scri-

154 2022 294 2058 bentem.

267 2115 519 2161 Sangallensis
538 2116 601 2151 731
621 2116 781 2162 scriptus
806 2109 849 2151 H.
865 2116 1068 2151 Novembris
1091 2128 1190 2150 anno
1210 2116 1291 2150 XX
1300 2117 1357 2151 VI
1372 2116 1469 2161 riyni
1492 2115 1619 2150 domno
1644 2119 1761 2150 nostro
1778 2114 1904 2149 carolo
1927 2114 2012 2159 reci,
2039 2113 2077 2148 id

152 2175 208 2209 est
232 2186 265 2210 a.
283 2173 351 2208 793
376 2173 531 2217 (Haenel
550 2174 596 2210 46
614 2189 656 2202 =
673 2175 734 2215 42;
761 2174 898 2209 Conrat
925 2173 1074 2218 Quellen
1101 2174 1129 2215 1,
1148 2174 1238 2218 222),
1265 2173 1412 2209 omnino
1438 2172 1469 2207 is
1494 2172 1574 2218 ipse
1601 2172 1724 2216 codex,
1751 2172 1814 2217 qui
1840 2172 1878 2206 in
1904 2172 2076 2217 catalogo

152 2228 322 2266 coen‘obii
354 2230 606 2277 Sangallensis
637 2243 730 2267 saec.
755 2232 807 2266 IX
833 2231 991 2274 (Becker
1022 2231 1133 2267 catal.
1159 2230 1473 2267 bibliothecarum
1506 2243 1541 2276 p.
1565 2231 1624 2273 50)
1656 2230 1707 2265 sic
1737 2231 1964 2265 recensetur:
1997 2233 2077 2264 308.

152 2287 233 2323 Lex
261 2287 530 2332 Tkeodosiana;
563 2289 618 2323 lem
648 2289 933 2333 Ermoyeriia·na;
969 2289 1023 2323 lex
1054 2289 1231 2333 Papiam,-
1267 2290 1324 2323 lex
1353 2288 1597 2332 Francorum5
1631 2288 1688 2323 lex
1718 2287 2006 2321 Alamannorum
2039 2286 2078 2319 in

153 2345 324 2380 volumine
349 2346 379 2380 I.
427 2345 484 2380 Ad
509 2346 691 2391 epocham
715 2346 1035 2382 determinandam
1068 2345 1256 2392 pertinent
1281 2358 1376 2390 quae
1408 2346 1583 2392 leguntur
1608 2358 1643 2391 p.
1661 2346 1729 2380 293
1754 2345 1849 2388 (MG.
1868 2344 1927 2380 SS.
1945 2345 1976 2385 2,
1994 2344 2076 2387 307)

151 2405 237 2447 post
261 2402 383 2448 legem
407 2402 579 2445 Salicam,
605 2405 692 2439 ante
715 2404 1022 2439 Alamannorum:
1058 2403 1191 2449 Incipit
1215 2414 1400 2448 reynerum
1425 2404 1477 2438 rel
1500 2407 1703 2446 temporum.
1753 2403 1927 2446 Eraylius
1951 2401 2078 2436 dehinc

150 2459 317 2503 quintum
345 2471 486 2495 annum
517 2461 569 2495 ait
600 2461 660 2496 sui
688 2461 835 2505 imperii.
887 2461 1057 2496 Sisbodus
1082 2488 1225 2496 ......
1251 2461 1295 2495 ab
1318 2461 1434 2495 inicio
1458 2460 1585 2494 viandi
1610 2470 1719 2505 usque
1744 2459 1794 2494 acl
1819 2459 1989 2503 Heraylio
2012 2459 2076 2492 im-

145 2517 248 2561 perio
281 2520 313 2552 et
341 2516 484 2552 Sisbodo
512 2528 590 2564 reye
619 2518 816 2553 Gothorum
847 2518 900 2564 [et
933 2518 1136 2564 Dayoberto
1169 2518 1243 2564 reyi
1268 2517 1539 2563 Francliorum]
1570 2518 1661 2551 anui
1690 2520 1775 2552 suut
1807 2516 2085 2551 VDCCCXIII

151 2573 259 2618 (haec
283 2572 415 2609 Isidori
441 2578 527 2611 sunt
551 2575 626 2611 chr.
643 2575 728 2610 min.
749 2577 818 2611 vol.
838 2577 859 2611 2
884 2589 919 2622 p.
940 2577 1017 2612 479.
1044 2577 1113 2611 480
1138 2588 1167 2611 c.
1187 2576 1383 2610 414-417
1408 2578 1558 2622 praeter
1582 2587 1626 2611 ea
1651 2587 1745 2620 quae
1770 2574 1873 2610 uncis
1900 2573 2077 2610 conclusi-

150 2633 256 2676 mus).
312 2631 486 2676 Regnaia
517 2633 738 2677 Dayobertus
769 2645 885 2668 annos
912 2633 1041 2668 XVII
1066 2660 1234 2669 .......
1262 2633 1441 2679 Regnavit
1471 2633 1712 2668 Theodericus
1742 2643 1859 2666 annos
1887 2630 2012 2666 XVII
2040 2633 2078 2666 et

151 2688 204 2724 sic
237 2689 411 2734 deinceps
441 2690 516 2726 fere
548 2693 590 2726 ut
620 2702 731 2735 supra
761 2704 797 2737 p.
815 2691 952 2727 XCVII
978 2691 1161 2733 dedimus,
1195 2691 1349 2735 Pipinus
1380 2702 1496 2726 annos
1523 2691 1563 2725 X
1572 2690 1662 2731 ΥΠ,
1693 2702 1715 2723 a
1740 2689 1936 2734 Dayoberti
1966 2699 2078 2732 usque

151 2745 200 2781 ad
215 2746 350 2791 Pipino
373 2750 459 2781 sunt
481 2747 573 2781 anni
591 2746 651 2782 CL
661 2747 762 2782 VIII
763 2761 775 2791 ‚·
799 2749 883 2783 tutti
906 2748 1055 2784 insimul
1079 2751 1166 2782 sunt
1190 2749 1282 2782 anni
1300 2741 1535 2783 VDCC'CC'L
1545 2748 1652 2783 VIII.
1695 2747 1817 2783 Codex
1842 2746 1953 2781 solito
1978 2756 2076 2780 more

153 2804 428 2840 decurtatorum
466 2804 689 2840 deteriorum
726 2805 878 2841 exhibet
916 2805 1248 2851 interpretationes
1284 2806 1382 2841 solas
1417 2818 1490 2841 non
1525 2816 1750 2851 magnopere
1786 2805 1961 2839 mutatas.
2021 2803 2077 2837 Ad

151 2861 289 2907 3,12,4
312 2861 351 2896 in
375 2861 445 2898 fine
470 2862 637 2898 additur:
664 2863 760 2907 quod
782 2863 840 2898 hic
864 2864 984 2899 minus
1009 2867 1067 2907 est,
1094 2864 1134 2898 in
1159 2864 1247 2898 libro
1270 2863 1365 2909 Gayi
1388 2864 1535 2908 require.

266 2964 521 3001 Varsoviensis
546 2965 797 3002 bibliothecae
822 2966 1078 3002 universitatis
1102 2978 1136 3001 n.
1155 2966 1223 3003 480
1249 2966 1405 3008 (Haenel
1423 2967 1465 3002 39
1486 2982 1527 2995 =
1546 2966 1607 3007 36;
1635 2966 1678 3001 cf.
1697 2966 1847 3001 Zeumer
1871 2965 1954 3001 MG.
1972 2965 2074 3000 form.

151 3034 187 3068 p.
209 3021 302 3067 131),
335 3025 447 3058 antea
471 3023 627 3062 Kelleri.
658 3023 859 3068 aliquando
885 3024 1209 3066 claromontanus,
1241 3025 1422 3070 gemellus
1456 3026 1513 3059 est
1536 3022 1784 3059 Berolinensis
1809 3035 1842 3067 q.
1866 3023 1941 3057 150.
1989 3021 2077 3056 Vidi

152 3091 246 3122 eum,
272 3091 352 3115 sero
378 3081 514 3121 tamen,
539 3079 692 3115 missum
708 3080 938 3122 Berolinum3
965 3080 1179 3116 Alariciana
1204 3093 1238 3126 p.
1254 3081 1405 3117 XXXII.
1429 3081 1588 3116 XXXIII
1614 3080 1723 3125 plane
1742 3079 1976 3115 consentiunt
1994 3091 2075 3114 cum

151 3135 248 3172 libro
273 3139 408 3172 nostro.

271 3229 297 3273 ¹)
323 3231 374 3263 Ad
399 3231 501 3263 finem
527 3231 652 3264 codicis
676 3232 906 3268 Theodosiani
930 3232 1110 3264 adnotatur
1134 3233 1196 3264 ita:
1229 3231 1277 3265 ‘in
1302 3238 1370 3266 vet.
1405 3233 1477 3266 cod.
1509 3233 1580 3266 Bel.
1613 3233 1767 3275 sequitur
1797 3232 1918 3264 titulus
1943 3232 1983 3264 de
2009 3232 2075 3274 epi-

149 3273 292 3330 ‘scopali
315 3277 459 3310 iudicio·
485 3277 588 3320 impp.
605 3278 728 3311 Arcad.
747 3284 780 3311 et
794 3279 922 3311 Honor.
941 3283 974 3310 et
991 3278 1118 3311 theod
1138 3279 1408 3312 AAA.Ah1auio
1432 3277 1502 3321 pp.
1509 3292 1515 3298 ·
1509 3280 1623 3318 ,item
1647 3279 1690 3311 ad
1709 3278 1862 3310 novellas
1880 3278 2075 3311 Maioriani:

149 3318 199 3354 ‘in
221 3327 289 3355 vet.
313 3323 387 3356 eod.
411 3323 492 3356 eccl.
516 3323 603 3362 Bel„
634 3324 670 3356 in
700 3335 768 3366 quo
798 3329 895 3357 erant
927 3326 997 3357 fere
1021 3325 1317 3367 interpretationes
1342 3330 1474 3358 tantum
1502 3326 1625 3358 harum
1651 3325 1882 3366 novellarum,
1912 3325 1977 3357 hoc
2000 3324 2074 3356 loco

150 3365 245 3401 ‘sunt
267 3379 329 3402 sex
352 3369 508 3403 novellae
533 3367 708 3413 integrae',
733 3381 822 3414 quae
847 3371 967 3404 deinde
992 3375 1244 3406 enumerantur.
