<?xml version="1.0" encoding="UTF-8"?>
<!DOCTYPE html PUBLIC "-//W3C//DTD XHTML 1.0 Transitional//EN"
    "http://www.w3.org/TR/xhtml1/DTD/xhtml1-transitional.dtd">
<html xmlns="http://www.w3.org/1999/xhtml" xml:lang="en" lang="en">
 <head>
  <title>
</title>
<meta http-equiv="Content-Type" content="text/html;charset=utf-8" />
  <meta name='ocr-system' content='tesseract 3.04.00' />
  <meta name='ocr-capabilities' content='ocr_page ocr_carea ocr_par ocr_line ocrx_word'/>
</head>
<body>
  <div class='ocr_page' id='page_1' title='image "./theodosianilibri00codeuoft_0087.png"; bbox 0 0 2501 3615; ppageno 0'>
   <div class='ocr_carea' id='block_1_1' title="bbox 0 1963 18 2013">
    <p class='ocr_par' dir='ltr' id='par_1_1' title="bbox 0 1963 18 2013">
     <span class='ocr_line' id='line_1_1' title="bbox 0 1963 18 2013; textangle 90"><span class='ocrx_word' id='word_1_1' title='bbox 0 1963 18 2013; x_wconf 56' lang='lat' dir='ltr'>&#39;Qu</span> 
     </span>
    </p>
   </div>
   <div class='ocr_carea' id='block_1_2' title="bbox 11 3306 87 3615">
    <p class='ocr_par' dir='ltr' id='par_1_2' title="bbox 11 3306 87 3615">
     <span class='ocr_line' id='line_1_2' title="bbox 11 3306 87 3615; textangle 90"><span class='ocrx_word' id='word_1_2' title='bbox 11 3407 87 3615; x_wconf 34' lang='grc' dir='ltr'>μ’μ’</span> <span class='ocrx_word' id='word_1_3' title='bbox 20 3306 32 3311; x_wconf 84' lang='grc'><strong><em>’</em></strong></span> 
     </span>
    </p>
   </div>
   <div class='ocr_carea' id='block_1_3' title="bbox 991 124 1325 160">
    <p class='ocr_par' dir='ltr' id='par_1_3' title="bbox 991 124 1325 160">
     <span class='ocr_line' id='line_1_3' title="bbox 991 124 1325 160; baseline 0.003 -1"><span class='ocrx_word' id='word_1_4' title='bbox 991 144 1032 150; x_wconf 92' lang='grc'>-</span> <span class='ocrx_word' id='word_1_5' title='bbox 1082 124 1232 160; x_wconf 80' lang='lat' dir='ltr'>LXXXI</span> <span class='ocrx_word' id='word_1_6' title='bbox 1284 146 1325 151; x_wconf 88' lang='lat'>-—</span> 
     </span>
    </p>
   </div>
   <div class='ocr_carea' id='block_1_4' title="bbox 195 226 2118 446">
    <p class='ocr_par' dir='ltr' id='par_1_4' title="bbox 195 226 2118 446">
     <span class='ocr_line' id='line_1_4' title="bbox 195 226 2115 275; baseline 0.002 -13"><span class='ocrx_word' id='word_1_7' title='bbox 195 227 361 268; x_wconf 84' lang='lat' dir='ltr'>stitutio,</span> <span class='ocrx_word' id='word_1_8' title='bbox 396 226 454 262; x_wconf 87' lang='lat' dir='ltr'>cui</span> <span class='ocrx_word' id='word_1_9' title='bbox 489 226 563 262; x_wconf 77' lang='lat' dir='ltr'>iani</span> <span class='ocrx_word' id='word_1_10' title='bbox 595 226 631 261; x_wconf 88' lang='lat' dir='ltr'>in</span> <span class='ocrx_word' id='word_1_11' title='bbox 663 240 700 263; x_wconf 92' lang='lat' dir='ltr'>re</span> <span class='ocrx_word' id='word_1_12' title='bbox 734 227 874 264; x_wconf 73' lang='lat' dir='ltr'>incerta</span> <span class='ocrx_word' id='word_1_13' title='bbox 901 229 1001 264; x_wconf 82' lang='lat' dir='ltr'>locus</span> <span class='ocrx_word' id='word_1_14' title='bbox 1026 228 1244 275; x_wconf 75' lang='lat' dir='ltr'>adsignatus</span> <span class='ocrx_word' id='word_1_15' title='bbox 1269 232 1325 264; x_wconf 84' lang='lat' dir='ltr'>est</span> <span class='ocrx_word' id='word_1_16' title='bbox 1349 229 1381 270; x_wconf 83' lang='lat'>4,</span> <span class='ocrx_word' id='word_1_17' title='bbox 1396 230 1450 272; x_wconf 76' lang='lat'>20,</span> <span class='ocrx_word' id='word_1_18' title='bbox 1464 230 1495 264; x_wconf 78' lang='lat'>2.</span> <span class='ocrx_word' id='word_1_19' title='bbox 1524 250 1563 254; x_wconf 91' lang='lat'><strong>—</strong></span> <span class='ocrx_word' id='word_1_20' title='bbox 1592 231 1668 265; x_wconf 84' lang='lat' dir='ltr'>Hoc</span> <span class='ocrx_word' id='word_1_21' title='bbox 1697 229 1822 266; x_wconf 81' lang='lat' dir='ltr'>codice</span> <span class='ocrx_word' id='word_1_22' title='bbox 1848 230 1986 265; x_wconf 82' lang='lat' dir='ltr'>Tilimu</span> <span class='ocrx_word' id='word_1_23' title='bbox 2013 244 2115 266; x_wconf 83' lang='lat' dir='ltr'>usum</span> 
     </span>
     <span class='ocr_line' id='line_1_5' title="bbox 197 284 2117 332; baseline 0.002 -12"><span class='ocrx_word' id='word_1_24' title='bbox 197 296 274 320; x_wconf 85' lang='lat' dir='ltr'>esse</span> <span class='ocrx_word' id='word_1_25' title='bbox 301 284 571 320; x_wconf 84' lang='lat' dir='ltr'>demonstravit</span> <span class='ocrx_word' id='word_1_26' title='bbox 596 285 796 320; x_wconf 80' lang='lat' dir='ltr'>Haenelius</span> <span class='ocrx_word' id='word_1_27' title='bbox 823 286 935 330; x_wconf 72' lang='lat' dir='ltr'>praef.</span> <span class='ocrx_word' id='word_1_28' title='bbox 956 286 1092 321; x_wconf 86' lang='lat' dir='ltr'>Theod.</span> <span class='ocrx_word' id='word_1_29' title='bbox 1120 299 1154 332; x_wconf 88' lang='lat' dir='ltr'>p.</span> <span class='ocrx_word' id='word_1_30' title='bbox 1173 287 1323 328; x_wconf 67' lang='lat' dir='ltr'>XXVII,</span> <span class='ocrx_word' id='word_1_31' title='bbox 1349 287 1448 322; x_wconf 80' lang='lat' dir='ltr'>brev.</span> <span class='ocrx_word' id='word_1_32' title='bbox 1475 299 1509 332; x_wconf 88' lang='lat' dir='ltr'>p.</span> <span class='ocrx_word' id='word_1_33' title='bbox 1529 287 1726 322; x_wconf 83' lang='lat' dir='ltr'>LXXXIX.</span> <span class='ocrx_word' id='word_1_34' title='bbox 1773 287 1850 322; x_wconf 83' lang='lat' dir='ltr'>Nos</span> <span class='ocrx_word' id='word_1_35' title='bbox 1874 288 1965 323; x_wconf 66' lang='lat' dir='ltr'>satis</span> <span class='ocrx_word' id='word_1_36' title='bbox 1989 288 2117 324; x_wconf 87' lang='lat' dir='ltr'>habui-</span> 
     </span>
     <span class='ocr_line' id='line_1_6' title="bbox 196 340 2118 390; baseline 0.002 -13"><span class='ocrx_word' id='word_1_37' title='bbox 196 354 276 377; x_wconf 87' lang='lat' dir='ltr'>mus</span> <span class='ocrx_word' id='word_1_38' title='bbox 303 340 442 376; x_wconf 80' lang='lat' dir='ltr'>variam</span> <span class='ocrx_word' id='word_1_39' title='bbox 469 340 666 377; x_wconf 86' lang='lat' dir='ltr'>lectionem</span> <span class='ocrx_word' id='word_1_40' title='bbox 700 342 786 376; x_wconf 82' lang='lat' dir='ltr'><strong>libri</strong></span> <span class='ocrx_word' id='word_1_41' title='bbox 819 343 866 377; x_wconf 86' lang='lat' dir='ltr'>ad</span> <span class='ocrx_word' id='word_1_42' title='bbox 895 343 1080 388; x_wconf 77' lang='lat' dir='ltr'>specimen</span> <span class='ocrx_word' id='word_1_43' title='bbox 1106 346 1229 389; x_wconf 77' lang='lat' dir='ltr'>(supm</span> <span class='ocrx_word' id='word_1_44' title='bbox 1262 356 1295 389; x_wconf 90' lang='lat' dir='ltr'>p.</span> <span class='ocrx_word' id='word_1_45' title='bbox 1316 344 1427 388; x_wconf 84' lang='lat' dir='ltr'>LXV)</span> <span class='ocrx_word' id='word_1_46' title='bbox 1460 356 1678 390; x_wconf 85' lang='lat' dir='ltr'>proponerc;</span> <span class='ocrx_word' id='word_1_47' title='bbox 1710 345 1820 390; x_wconf 73' lang='lat' dir='ltr'>plane</span> <span class='ocrx_word' id='word_1_48' title='bbox 1846 344 2042 387; x_wconf 79' lang='lat' dir='ltr'>consentit7</span> <span class='ocrx_word' id='word_1_49' title='bbox 2077 348 2118 381; x_wconf 93' lang='lat' dir='ltr'>ut</span> 
     </span>
     <span class='ocr_line' id='line_1_7' title="bbox 195 398 1618 446; baseline 0.003 -13"><span class='ocrx_word' id='word_1_50' title='bbox 195 398 395 434; x_wconf 77' lang='lat' dir='ltr'>ostendunt</span> <span class='ocrx_word' id='word_1_51' title='bbox 420 401 459 434; x_wconf 84' lang='lat' dir='ltr'>et</span> <span class='ocrx_word' id='word_1_52' title='bbox 484 399 662 435; x_wconf 82' lang='lat' dir='ltr'>lectiones</span> <span class='ocrx_word' id='word_1_53' title='bbox 686 400 851 446; x_wconf 82' lang='lat' dir='ltr'>reliquae</span> <span class='ocrx_word' id='word_1_54' title='bbox 877 405 915 437; x_wconf 84' lang='lat' dir='ltr'>et</span> <span class='ocrx_word' id='word_1_55' title='bbox 940 402 1064 438; x_wconf 72' lang='lat' dir='ltr'>hiatus</span> <span class='ocrx_word' id='word_1_56' title='bbox 1092 402 1165 443; x_wconf 80' lang='lat'><strong>1.3‚</strong></span> <span class='ocrx_word' id='word_1_57' title='bbox 1182 403 1210 443; x_wconf 90' lang='lat'>1,</span> <span class='ocrx_word' id='word_1_58' title='bbox 1237 414 1319 437; x_wconf 87' lang='lat' dir='ltr'>cum</span> <span class='ocrx_word' id='word_1_59' title='bbox 1346 402 1478 437; x_wconf 79' lang='lat' dir='ltr'>nostris</span> <span class='ocrx_word' id='word_1_60' title='bbox 1506 402 1618 437; x_wconf 84' lang='lat' dir='ltr'><strong><em>PMS.</em></strong></span> 
     </span>
    </p>
   </div>
   <div class='ocr_carea' id='block_1_5' title="bbox 192 501 2118 1068">
    <p class='ocr_par' dir='ltr' id='par_1_5' title="bbox 192 501 2118 1068">
     <span class='ocr_line' id='line_1_8' title="bbox 310 501 2112 551; baseline 0.002 -15"><span class='ocrx_word' id='word_1_61' title='bbox 310 501 515 538; x_wconf 84' lang='lat' dir='ltr'>Vaticanus</span> <span class='ocrx_word' id='word_1_62' title='bbox 533 502 805 540; x_wconf 77' lang='lat' dir='ltr'>ottobonianus</span> <span class='ocrx_word' id='word_1_63' title='bbox 822 505 911 540; x_wconf 73' lang='lat'>2225</span> <span class='ocrx_word' id='word_1_64' title='bbox 929 505 1083 549; x_wconf 79' lang='lat' dir='ltr'>(Haenel</span> <span class='ocrx_word' id='word_1_65' title='bbox 1105 506 1144 539; x_wconf 82' lang='lat'>17</span> <span class='ocrx_word' id='word_1_66' title='bbox 1164 521 1205 534; x_wconf 89' lang='lat'><strong><em>=</em></strong></span> <span class='ocrx_word' id='word_1_67' title='bbox 1223 506 1259 545; x_wconf 75' lang='grc' dir='ltr'>ὃς</span> <span class='ocrx_word' id='word_1_68' title='bbox 1287 505 1390 540; x_wconf 80' lang='lat' dir='ltr'>nobis</span> <span class='ocrx_word' id='word_1_69' title='bbox 1407 517 1553 550; x_wconf 84' lang='lat' dir='ltr'>quoque</span> <span class='ocrx_word' id='word_1_70' title='bbox 1579 505 1613 540; x_wconf 92' lang='lat' dir='ltr'>in</span> <span class='ocrx_word' id='word_1_71' title='bbox 1632 505 1832 551; x_wconf 78' lang='lat' dir='ltr'>specimine</span> <span class='ocrx_word' id='word_1_72' title='bbox 1853 507 1915 550; x_wconf 79' lang='lat'>17).</span> <span class='ocrx_word' id='word_1_73' title='bbox 1941 518 2035 542; x_wconf 75' lang='lat' dir='ltr'>saec.</span> <span class='ocrx_word' id='word_1_74' title='bbox 2052 507 2112 546; x_wconf 77' lang='lat' dir='ltr'>lx,</span> 
     </span>
     <span class='ocr_line' id='line_1_9' title="bbox 194 559 2114 608; baseline 0.001 -12"><span class='ocrx_word' id='word_1_75' title='bbox 194 560 284 596; x_wconf 81' lang='lat' dir='ltr'>item</span> <span class='ocrx_word' id='word_1_76' title='bbox 302 559 505 604; x_wconf 81' lang='lat' dir='ltr'>aliquando</span> <span class='ocrx_word' id='word_1_77' title='bbox 522 560 672 606; x_wconf 80' lang='lat' dir='ltr'>reginae</span> <span class='ocrx_word' id='word_1_78' title='bbox 692 562 900 598; x_wconf 75' lang='lat' dir='ltr'>Christ-inae</span> <span class='ocrx_word' id='word_1_79' title='bbox 919 563 1104 605; x_wconf 73' lang='lat' dir='ltr'>(adnotati</span> <span class='ocrx_word' id='word_1_80' title='bbox 1121 565 1206 598; x_wconf 74' lang='lat' dir='ltr'>sunt</span> <span class='ocrx_word' id='word_1_81' title='bbox 1230 562 1266 597; x_wconf 90' lang='lat' dir='ltr'>in</span> <span class='ocrx_word' id='word_1_82' title='bbox 1290 562 1370 608; x_wconf 82' lang='lat' dir='ltr'>ipso</span> <span class='ocrx_word' id='word_1_83' title='bbox 1389 563 1528 598; x_wconf 87' lang='lat' dir='ltr'>numeri</span> <span class='ocrx_word' id='word_1_84' title='bbox 1547 563 1692 608; x_wconf 76' lang='lat' dir='ltr'>antiqui</span> <span class='ocrx_word' id='word_1_85' title='bbox 1717 563 1774 598; x_wconf 88' lang='lat' dir='ltr'>hi:</span> <span class='ocrx_word' id='word_1_86' title='bbox 1797 564 1980 599; x_wconf 88' lang='lat' dir='ltr'>‘volumen</span> <span class='ocrx_word' id='word_1_87' title='bbox 1999 564 2114 599; x_wconf 83' lang='lat' dir='ltr'>CXIV</span> 
     </span>
     <span class='ocr_line' id='line_1_10' title="bbox 194 616 2118 666; baseline 0.002 -14"><span class='ocrx_word' id='word_1_88' title='bbox 194 629 266 653; x_wconf 90' lang='lat' dir='ltr'>non</span> <span class='ocrx_word' id='word_1_89' title='bbox 292 616 550 653; x_wconf 74' lang='lat' dir='ltr'>Petaviauum‘</span> <span class='ocrx_word' id='word_1_90' title='bbox 576 638 617 643; x_wconf 91' lang='lat'><strong>—</strong></span> <span class='ocrx_word' id='word_1_91' title='bbox 642 619 804 655; x_wconf 87' lang='lat' dir='ltr'>‘numero</span> <span class='ocrx_word' id='word_1_92' title='bbox 832 621 897 655; x_wconf 87' lang='lat'>114</span> <span class='ocrx_word' id='word_1_93' title='bbox 922 623 996 655; x_wconf 85' lang='lat' dir='ltr'>not.</span> <span class='ocrx_word' id='word_1_94' title='bbox 1019 620 1117 655; x_wconf 73' lang='lat'>1656*</span> <span class='ocrx_word' id='word_1_95' title='bbox 1143 640 1185 644; x_wconf 89' lang='grc'>--</span> <span class='ocrx_word' id='word_1_96' title='bbox 1210 619 1259 654; x_wconf 86' lang='lat' dir='ltr'>‘in</span> <span class='ocrx_word' id='word_1_97' title='bbox 1286 620 1516 656; x_wconf 75' lang='lat' dir='ltr'>bibliotheca</span> <span class='ocrx_word' id='word_1_98' title='bbox 1541 633 1654 656; x_wconf 84' lang='lat' dir='ltr'>seren.</span> <span class='ocrx_word' id='word_1_99' title='bbox 1680 620 1829 666; x_wconf 81' lang='lat' dir='ltr'>reginae</span> <span class='ocrx_word' id='word_1_100' title='bbox 1855 633 1952 656; x_wconf 86' lang='lat' dir='ltr'>num.</span> <span class='ocrx_word' id='word_1_101' title='bbox 1970 621 2048 656; x_wconf 78' lang='lat'>378&#39;</span> <span class='ocrx_word' id='word_1_102' title='bbox 2076 643 2118 647; x_wconf 97' lang='lat'><strong>—</strong></span> 
     </span>
     <span class='ocr_line' id='line_1_11' title="bbox 192 674 2118 724; baseline 0.002 -14"><span class='ocrx_word' id='word_1_103' title='bbox 192 674 329 718; x_wconf 69' lang='lat'>&#39;30⁴25‘)‚</span> <span class='ocrx_word' id='word_1_104' title='bbox 355 674 581 711; x_wconf 83' lang='lat' dir='ltr'>breviarium</span> <span class='ocrx_word' id='word_1_105' title='bbox 607 676 722 712; x_wconf 76' lang='lat' dir='ltr'>habet</span> <span class='ocrx_word' id='word_1_106' title='bbox 747 676 931 722; x_wconf 87' lang='lat' dir='ltr'>incipiens</span> <span class='ocrx_word' id='word_1_107' title='bbox 955 676 1128 712; x_wconf 83' lang='lat' dir='ltr'>mutilum</span> <span class='ocrx_word' id='word_1_108' title='bbox 1150 678 1296 719; x_wconf 77' lang='lat'>1,16‚5:</span> <span class='ocrx_word' id='word_1_109' title='bbox 1324 678 1428 722; x_wconf 80' lang='lat' dir='ltr'>impp.</span> <span class='ocrx_word' id='word_1_110' title='bbox 1452 679 1703 713; x_wconf 72' lang='lat' dir='ltr'>constantinus</span> <span class='ocrx_word' id='word_1_111' title='bbox 1728 685 1763 714; x_wconf 77' lang='grc' dir='ltr'>ιῑ.</span> <span class='ocrx_word' id='word_1_112' title='bbox 1789 679 1838 712; x_wconf 73' lang='lat' dir='ltr'>ad</span> <span class='ocrx_word' id='word_1_113' title='bbox 1857 680 2118 724; x_wconf 71' lang='lat' dir='ltr'>prowt&#39;ncialcs:</span> 
     </span>
     <span class='ocr_line' id='line_1_12' title="bbox 192 730 2118 782; baseline 0.002 -15"><span class='ocrx_word' id='word_1_114' title='bbox 192 735 338 776; x_wconf 75' lang='lat' dir='ltr'>cessent,</span> <span class='ocrx_word' id='word_1_115' title='bbox 363 731 492 768; x_wconf 85' lang='lat' dir='ltr'>finiens</span> <span class='ocrx_word' id='word_1_116' title='bbox 517 733 628 769; x_wconf 86' lang='lat' dir='ltr'>solito</span> <span class='ocrx_word' id='word_1_117' title='bbox 652 746 751 770; x_wconf 89' lang='lat' dir='ltr'>more</span> <span class='ocrx_word' id='word_1_118' title='bbox 776 734 812 768; x_wconf 88' lang='lat' dir='ltr'>in</span> <span class='ocrx_word' id='word_1_119' title='bbox 836 734 918 769; x_wconf 91' lang='lat' dir='ltr'>Ioco</span> <span class='ocrx_word' id='word_1_120' title='bbox 944 733 1143 779; x_wconf 82' lang='lat' dir='ltr'>Papiniani</span> <span class='ocrx_word' id='word_1_121' title='bbox 1170 735 1225 770; x_wconf 82' lang='lat' dir='ltr'>vel</span> <span class='ocrx_word' id='word_1_122' title='bbox 1253 734 1377 779; x_wconf 85' lang='lat' dir='ltr'>potius</span> <span class='ocrx_word' id='word_1_123' title='bbox 1404 735 1562 780; x_wconf 80' lang='lat' dir='ltr'>Papiani</span> <span class='ocrx_word' id='word_1_124' title='bbox 1587 737 1658 771; x_wconf 87' lang='lat' dir='ltr'>Ioco</span> <span class='ocrx_word' id='word_1_125' title='bbox 1678 737 1833 780; x_wconf 82' lang='lat' dir='ltr'>placire:</span> <span class='ocrx_word' id='word_1_126' title='bbox 1863 737 1934 771; x_wconf 78' lang='lat' dir='ltr'>ista</span> <span class='ocrx_word' id='word_1_127' title='bbox 1959 738 2013 771; x_wconf 69' lang='lat' dir='ltr'>lca:</span> <span class='ocrx_word' id='word_1_128' title='bbox 2038 730 2118 782; x_wconf 39' lang='lat' dir='ltr'>intp-</span> 
     </span>
     <span class='ocr_line' id='line_1_13' title="bbox 193 789 2117 839; baseline 0.003 -16"><span class='ocrx_word' id='word_1_129' title='bbox 193 800 269 824; x_wconf 78' lang='lat' dir='ltr'>non</span> <span class='ocrx_word' id='word_1_130' title='bbox 292 789 436 833; x_wconf 70' lang='lat' dir='ltr'>indiyet.</span> <span class='ocrx_word' id='word_1_131' title='bbox 461 791 550 834; x_wconf 77' lang='lat' dir='ltr'>expl.</span> <span class='ocrx_word' id='word_1_132' title='bbox 592 791 767 835; x_wconf 83' lang='lat' dir='ltr'>Sequitur</span> <span class='ocrx_word' id='word_1_133' title='bbox 791 791 893 826; x_wconf 89' lang='lat' dir='ltr'>nullo</span> <span class='ocrx_word' id='word_1_134' title='bbox 918 791 1117 828; x_wconf 76' lang='lat' dir='ltr'>intervallo</span> <span class='ocrx_word' id='word_1_135' title='bbox 1142 791 1330 837; x_wconf 83' lang='lat' dir='ltr'>appendix</span> <span class='ocrx_word' id='word_1_136' title='bbox 1356 792 1456 837; x_wconf 86' lang='lat' dir='ltr'>prior</span> <span class='ocrx_word' id='word_1_137' title='bbox 1479 793 1576 837; x_wconf 81' lang='lat' dir='ltr'>(vide</span> <span class='ocrx_word' id='word_1_138' title='bbox 1603 793 1696 828; x_wconf 78' lang='lat' dir='ltr'>infra</span> <span class='ocrx_word' id='word_1_139' title='bbox 1722 806 1756 839; x_wconf 87' lang='lat' dir='ltr'>p.</span> <span class='ocrx_word' id='word_1_140' title='bbox 1777 794 1987 839; x_wconf 85' lang='lat' dir='ltr'>LXXXIII).</span> <span class='ocrx_word' id='word_1_141' title='bbox 2028 795 2117 830; x_wconf 76' lang='lat' dir='ltr'>Eam</span> 
     </span>
     <span class='ocr_line' id='line_1_14' title="bbox 194 846 2117 897; baseline 0.002 -14"><span class='ocrx_word' id='word_1_142' title='bbox 194 846 336 892; x_wconf 86' lang='lat' dir='ltr'>excipit</span> <span class='ocrx_word' id='word_1_143' title='bbox 366 847 487 883; x_wconf 75' lang='lat' dir='ltr'>f.187¹</span> <span class='ocrx_word' id='word_1_144' title='bbox 520 847 628 884; x_wconf 79' lang='lat' dir='ltr'>index</span> <span class='ocrx_word' id='word_1_145' title='bbox 663 860 792 894; x_wconf 86' lang='lat' dir='ltr'>regum</span> <span class='ocrx_word' id='word_1_146' title='bbox 817 849 1038 884; x_wconf 75' lang='lat' dir='ltr'>Francorum</span> <span class='ocrx_word' id='word_1_147' title='bbox 1072 848 1254 894; x_wconf 87' lang='lat' dir='ltr'>incipiens</span> <span class='ocrx_word' id='word_1_148' title='bbox 1280 862 1301 884; x_wconf 75' lang='lat' dir='ltr'>a</span> <span class='ocrx_word' id='word_1_149' title='bbox 1326 849 1568 887; x_wconf 82' lang='lat' dir='ltr'>Theoderico.</span> <span class='ocrx_word' id='word_1_150' title='bbox 1601 851 1727 886; x_wconf 82' lang='lat' dir='ltr'>finiens</span> <span class='ocrx_word' id='word_1_151' title='bbox 1761 851 1797 886; x_wconf 89' lang='lat' dir='ltr'>in</span> <span class='ocrx_word' id='word_1_152' title='bbox 1830 851 1978 897; x_wconf 85' lang='lat' dir='ltr'>Pipino,</span> <span class='ocrx_word' id='word_1_153' title='bbox 2010 864 2117 897; x_wconf 81' lang='lat' dir='ltr'>quem</span> 
     </span>
     <span class='ocr_line' id='line_1_15' title="bbox 194 904 2116 954; baseline 0.002 -15"><span class='ocrx_word' id='word_1_154' title='bbox 194 904 365 940; x_wconf 85' lang='lat' dir='ltr'>dabimus</span> <span class='ocrx_word' id='word_1_155' title='bbox 400 904 439 940; x_wconf 90' lang='lat' dir='ltr'>in</span> <span class='ocrx_word' id='word_1_156' title='bbox 471 905 595 951; x_wconf 84' lang='lat' dir='ltr'>capite</span> <span class='ocrx_word' id='word_1_157' title='bbox 627 909 731 942; x_wconf 75' lang='lat' dir='ltr'>sexto</span> <span class='ocrx_word' id='word_1_158' title='bbox 762 909 976 941; x_wconf 86' lang='lat' dir='ltr'>enarrantes</span> <span class='ocrx_word' id='word_1_159' title='bbox 1007 906 1171 942; x_wconf 82' lang='lat' dir='ltr'>codicem</span> <span class='ocrx_word' id='word_1_160' title='bbox 1203 907 1437 942; x_wconf 79' lang='lat' dir='ltr'>decurtatum</span> <span class='ocrx_word' id='word_1_161' title='bbox 1469 907 1675 943; x_wconf 82' lang='lat' dir='ltr'>Parisinum</span> <span class='ocrx_word' id='word_1_162' title='bbox 1699 909 1789 944; x_wconf 82' lang='grc'>4409</span> <span class='ocrx_word' id='word_1_163' title='bbox 1820 911 1858 944; x_wconf 88' lang='lat' dir='ltr'>et</span> <span class='ocrx_word' id='word_1_164' title='bbox 1892 909 2116 954; x_wconf 76' lang='lat' dir='ltr'>subscriptio</span> 
     </span>
     <span class='ocr_line' id='line_1_16' title="bbox 193 961 2114 1011; baseline 0.002 -14"><span class='ocrx_word' id='word_1_165' title='bbox 193 961 331 998; x_wconf 85' lang='lat' dir='ltr'>Aniani</span> <span class='ocrx_word' id='word_1_166' title='bbox 353 963 404 1008; x_wconf 91' lang='lat' dir='ltr'>(p.</span> <span class='ocrx_word' id='word_1_167' title='bbox 424 963 586 1008; x_wconf 83' lang='lat' dir='ltr'>XXXV).</span> <span class='ocrx_word' id='word_1_168' title='bbox 613 983 654 988; x_wconf 97' lang='lat'><strong>—</strong></span> <span class='ocrx_word' id='word_1_169' title='bbox 682 963 769 1005; x_wconf 88' lang='lat' dir='ltr'>Nos,</span> <span class='ocrx_word' id='word_1_170' title='bbox 796 975 878 998; x_wconf 89' lang='lat' dir='ltr'>cum</span> <span class='ocrx_word' id='word_1_171' title='bbox 904 963 998 999; x_wconf 90' lang='lat' dir='ltr'>liber</span> <span class='ocrx_word' id='word_1_172' title='bbox 1022 964 1173 1010; x_wconf 74' lang='lat' dir='ltr'>propria</span> <span class='ocrx_word' id='word_1_173' title='bbox 1204 965 1306 1000; x_wconf 78' lang='lat' dir='ltr'>nulla</span> <span class='ocrx_word' id='word_1_174' title='bbox 1337 964 1477 1001; x_wconf 73' lang='lat' dir='ltr'>habeat</span> <span class='ocrx_word' id='word_1_175' title='bbox 1511 966 1620 1010; x_wconf 77' lang='lat' dir='ltr'>plane</span> <span class='ocrx_word' id='word_1_176' title='bbox 1653 965 1871 1011; x_wconf 82' lang='lat' dir='ltr'>conveniens</span> <span class='ocrx_word' id='word_1_177' title='bbox 1896 978 1976 1002; x_wconf 85' lang='lat' dir='ltr'>cum</span> <span class='ocrx_word' id='word_1_178' title='bbox 2003 966 2114 1010; x_wconf 81' lang='lat' dir='ltr'><strong><em>PMS,</em></strong></span> 
     </span>
     <span class='ocr_line' id='line_1_17' title="bbox 194 1020 1921 1068; baseline 0.001 -11"><span class='ocrx_word' id='word_1_179' title='bbox 194 1032 278 1057; x_wconf 89' lang='lat' dir='ltr'>eum</span> <span class='ocrx_word' id='word_1_180' title='bbox 303 1031 449 1066; x_wconf 87' lang='lat' dir='ltr'>quoque</span> <span class='ocrx_word' id='word_1_181' title='bbox 475 1022 522 1057; x_wconf 89' lang='lat' dir='ltr'>ad</span> <span class='ocrx_word' id='word_1_182' title='bbox 547 1021 734 1067; x_wconf 84' lang='lat' dir='ltr'>specimen</span> <span class='ocrx_word' id='word_1_183' title='bbox 759 1021 877 1056; x_wconf 88' lang='lat' dir='ltr'>solum</span> <span class='ocrx_word' id='word_1_184' title='bbox 904 1022 953 1066; x_wconf 92' lang='lat' dir='ltr'>(p.</span> <span class='ocrx_word' id='word_1_185' title='bbox 972 1020 1084 1066; x_wconf 92' lang='lat' dir='ltr'>LXV)</span> <span class='ocrx_word' id='word_1_186' title='bbox 1109 1025 1146 1058; x_wconf 84' lang='lat' dir='ltr'>et</span> <span class='ocrx_word' id='word_1_187' title='bbox 1172 1022 1427 1068; x_wconf 85' lang='lat' dir='ltr'>Appendicem</span> <span class='ocrx_word' id='word_1_188' title='bbox 1453 1034 1533 1058; x_wconf 78' lang='lat' dir='ltr'>eam</span> <span class='ocrx_word' id='word_1_189' title='bbox 1559 1022 1713 1059; x_wconf 89' lang='lat' dir='ltr'>conferri</span> <span class='ocrx_word' id='word_1_190' title='bbox 1739 1023 1921 1059; x_wconf 78' lang='lat' dir='ltr'>iussimus.</span> 
     </span>
    </p>
   </div>
   <div class='ocr_carea' id='block_1_6' title="bbox 192 1124 2117 1574">
    <p class='ocr_par' dir='ltr' id='par_1_6' title="bbox 192 1124 2117 1574">
     <span class='ocr_line' id='line_1_18' title="bbox 308 1124 2115 1173; baseline 0.002 -14"><span class='ocrx_word' id='word_1_191' title='bbox 308 1124 668 1170; x_wconf 80' lang='lat' dir='ltr'>Montispessulanus</span> <span class='ocrx_word' id='word_1_192' title='bbox 684 1125 729 1160; x_wconf 88' lang='lat'>84</span> <span class='ocrx_word' id='word_1_193' title='bbox 746 1125 901 1167; x_wconf 87' lang='lat' dir='ltr'>(Haenel</span> <span class='ocrx_word' id='word_1_194' title='bbox 922 1126 964 1160; x_wconf 84' lang='lat'>14</span> <span class='ocrx_word' id='word_1_195' title='bbox 982 1141 1024 1154; x_wconf 95' lang='lat'><strong><em>=</em></strong></span> <span class='ocrx_word' id='word_1_196' title='bbox 1045 1126 1096 1167; x_wconf 83' lang='lat'>14,</span> <span class='ocrx_word' id='word_1_197' title='bbox 1115 1125 1222 1161; x_wconf 89' lang='lat' dir='ltr'>nobis</span> <span class='ocrx_word' id='word_1_198' title='bbox 1241 1138 1386 1170; x_wconf 88' lang='lat' dir='ltr'>quoque</span> <span class='ocrx_word' id='word_1_199' title='bbox 1405 1125 1442 1161; x_wconf 85' lang='lat' dir='ltr'>in</span> <span class='ocrx_word' id='word_1_200' title='bbox 1460 1126 1660 1171; x_wconf 82' lang='lat' dir='ltr'>specimine</span> <span class='ocrx_word' id='word_1_201' title='bbox 1681 1128 1748 1172; x_wconf 84' lang='lat'>14).</span> <span class='ocrx_word' id='word_1_202' title='bbox 1767 1139 1861 1162; x_wconf 85' lang='lat' dir='ltr'>saec.</span> <span class='ocrx_word' id='word_1_203' title='bbox 1877 1127 1937 1168; x_wconf 82' lang='lat' dir='ltr'>lx,</span> <span class='ocrx_word' id='word_1_204' title='bbox 1955 1127 2115 1173; x_wconf 79' lang='lat' dir='ltr'>scriptus</span> 
     </span>
     <span class='ocr_line' id='line_1_19' title="bbox 193 1181 2116 1230; baseline 0.002 -14"><span class='ocrx_word' id='word_1_205' title='bbox 193 1192 217 1217; x_wconf 85' lang='lat' dir='ltr'>a</span> <span class='ocrx_word' id='word_1_206' title='bbox 233 1181 382 1218; x_wconf 84' lang='lat' dir='ltr'>Vulfino</span> <span class='ocrx_word' id='word_1_207' title='bbox 407 1182 568 1227; x_wconf 82' lang='lat' dir='ltr'>quodam</span> <span class='ocrx_word' id='word_1_208' title='bbox 593 1182 693 1218; x_wconf 84' lang='lat' dir='ltr'>iussu</span> <span class='ocrx_word' id='word_1_209' title='bbox 718 1182 874 1219; x_wconf 81' lang='lat' dir='ltr'>Martini</span> <span class='ocrx_word' id='word_1_210' title='bbox 899 1182 1065 1228; x_wconf 87' lang='lat' dir='ltr'>episcopi</span> <span class='ocrx_word' id='word_1_211' title='bbox 1098 1183 1135 1217; x_wconf 90' lang='lat' dir='ltr'>in</span> <span class='ocrx_word' id='word_1_212' title='bbox 1161 1195 1264 1218; x_wconf 85' lang='lat' dir='ltr'>usum</span> <span class='ocrx_word' id='word_1_213' title='bbox 1293 1183 1509 1219; x_wconf 83' lang='lat' dir='ltr'>Collicensis</span> <span class='ocrx_word' id='word_1_214' title='bbox 1534 1183 1658 1229; x_wconf 82' lang='lat' dir='ltr'>gregis</span> <span class='ocrx_word' id='word_1_215' title='bbox 1683 1184 1781 1227; x_wconf 86' lang='lat' dir='ltr'>(vide</span> <span class='ocrx_word' id='word_1_216' title='bbox 1807 1184 2116 1230; x_wconf 77' lang='lat' dir='ltr'>subscriptionem</span> 
     </span>
     <span class='ocr_line' id='line_1_20' title="bbox 193 1237 2117 1287; baseline 0.002 -13"><span class='ocrx_word' id='word_1_217' title='bbox 193 1237 295 1284; x_wconf 85' lang='lat' dir='ltr'>apud</span> <span class='ocrx_word' id='word_1_218' title='bbox 311 1238 534 1275; x_wconf 86' lang='lat' dir='ltr'>Haenelium</span> <span class='ocrx_word' id='word_1_219' title='bbox 558 1240 582 1274; x_wconf 93' lang='grc'>1.</span> <span class='ocrx_word' id='word_1_220' title='bbox 601 1251 631 1275; x_wconf 89' lang='lat' dir='ltr'>c.</span> <span class='ocrx_word' id='word_1_221' title='bbox 657 1243 695 1276; x_wconf 82' lang='lat' dir='ltr'>et</span> <span class='ocrx_word' id='word_1_222' title='bbox 719 1243 785 1276; x_wconf 81' lang='lat' dir='ltr'>cat.</span> <span class='ocrx_word' id='word_1_223' title='bbox 801 1239 861 1275; x_wconf 83' lang='lat' dir='ltr'>des</span> <span class='ocrx_word' id='word_1_224' title='bbox 886 1240 1140 1284; x_wconf 66' lang='lat' dir='ltr'>clepartements</span> <span class='ocrx_word' id='word_1_225' title='bbox 1166 1241 1236 1276; x_wconf 88' lang='lat' dir='ltr'>vol.</span> <span class='ocrx_word' id='word_1_226' title='bbox 1257 1242 1273 1276; x_wconf 96' lang='lat'>1</span> <span class='ocrx_word' id='word_1_227' title='bbox 1300 1253 1331 1276; x_wconf 85' lang='lat' dir='ltr'>a.</span> <span class='ocrx_word' id='word_1_228' title='bbox 1353 1242 1439 1277; x_wconf 83' lang='grc'>1849</span> <span class='ocrx_word' id='word_1_229' title='bbox 1466 1254 1500 1287; x_wconf 89' lang='lat' dir='ltr'>p.</span> <span class='ocrx_word' id='word_1_230' title='bbox 1517 1242 1611 1285; x_wconf 81' lang='lat'>317),</span> <span class='ocrx_word' id='word_1_231' title='bbox 1637 1241 1767 1278; x_wconf 88' lang='lat' dir='ltr'>deinde</span> <span class='ocrx_word' id='word_1_232' title='bbox 1785 1241 1970 1283; x_wconf 90' lang='lat' dir='ltr'>Bouherii,</span> <span class='ocrx_word' id='word_1_233' title='bbox 1998 1242 2117 1278; x_wconf 87' lang='lat' dir='ltr'>brevi-</span> 
     </span>
     <span class='ocr_line' id='line_1_21' title="bbox 192 1291 2115 1344; baseline 0.001 -12"><span class='ocrx_word' id='word_1_234' title='bbox 192 1296 313 1332; x_wconf 85' lang='lat' dir='ltr'>arium</span> <span class='ocrx_word' id='word_1_235' title='bbox 342 1296 520 1343; x_wconf 83' lang='lat' dir='ltr'>proponit</span> <span class='ocrx_word' id='word_1_236' title='bbox 549 1297 728 1333; x_wconf 80' lang='lat' dir='ltr'>adiuncta</span> <span class='ocrx_word' id='word_1_237' title='bbox 760 1300 845 1343; x_wconf 84' lang='lat' dir='ltr'>post</span> <span class='ocrx_word' id='word_1_238' title='bbox 875 1298 1185 1344; x_wconf 82' lang='lat' dir='ltr'>subscriptionem</span> <span class='ocrx_word' id='word_1_239' title='bbox 1220 1291 1301 1342; x_wconf 63' lang='grc' dir='ltr'>εἷῇἷ</span> <span class='ocrx_word' id='word_1_240' title='bbox 1329 1299 1415 1333; x_wconf 81' lang='lat' dir='ltr'>liber</span> <span class='ocrx_word' id='word_1_241' title='bbox 1445 1299 1537 1333; x_wconf 74' lang='lat' dir='ltr'>iuris</span> <span class='ocrx_word' id='word_1_242' title='bbox 1573 1299 1718 1341; x_wconf 75' lang='lat' dir='ltr'>feliciter</span> <span class='ocrx_word' id='word_1_243' title='bbox 1755 1299 1960 1344; x_wconf 82' lang='lat' dir='ltr'>appendice</span> <span class='ocrx_word' id='word_1_244' title='bbox 1993 1299 2115 1344; x_wconf 88' lang='lat' dir='ltr'>priore</span> 
     </span>
     <span class='ocr_line' id='line_1_22' title="bbox 192 1354 2116 1402; baseline 0 -12"><span class='ocrx_word' id='word_1_245' title='bbox 192 1355 243 1401; x_wconf 87' lang='lat' dir='ltr'>(p.</span> <span class='ocrx_word' id='word_1_246' title='bbox 260 1354 475 1400; x_wconf 85' lang='lat' dir='ltr'>LXXXIII),</span> <span class='ocrx_word' id='word_1_247' title='bbox 500 1356 587 1400; x_wconf 87' lang='lat' dir='ltr'>post</span> <span class='ocrx_word' id='word_1_248' title='bbox 610 1367 722 1400; x_wconf 84' lang='lat' dir='ltr'>quam</span> <span class='ocrx_word' id='word_1_249' title='bbox 745 1355 890 1400; x_wconf 84' lang='lat' dir='ltr'>reliqua</span> <span class='ocrx_word' id='word_1_250' title='bbox 915 1368 1001 1401; x_wconf 80' lang='lat' dir='ltr'>pars</span> <span class='ocrx_word' id='word_1_251' title='bbox 1026 1356 1188 1402; x_wconf 83' lang='lat' dir='ltr'>paginae</span> <span class='ocrx_word' id='word_1_252' title='bbox 1215 1359 1335 1392; x_wconf 82' lang='lat' dir='ltr'>vacat.</span> <span class='ocrx_word' id='word_1_253' title='bbox 1380 1356 1499 1397; x_wconf 87' lang='lat' dir='ltr'>Liber,</span> <span class='ocrx_word' id='word_1_254' title='bbox 1525 1369 1634 1401; x_wconf 87' lang='lat' dir='ltr'>quem</span> <span class='ocrx_word' id='word_1_255' title='bbox 1660 1356 1822 1392; x_wconf 80' lang='lat' dir='ltr'>tractavi</span> <span class='ocrx_word' id='word_1_256' title='bbox 1847 1355 2008 1397; x_wconf 65' lang='lat' dir='ltr'>Parisiis,</span> <span class='ocrx_word' id='word_1_257' title='bbox 2035 1368 2116 1390; x_wconf 89' lang='lat' dir='ltr'>cum</span> 
     </span>
     <span class='ocr_line' id='line_1_23' title="bbox 192 1411 2116 1458; baseline -0.001 -10"><span class='ocrx_word' id='word_1_258' title='bbox 192 1411 335 1458; x_wconf 79' lang='lat' dir='ltr'>pariter</span> <span class='ocrx_word' id='word_1_259' title='bbox 359 1415 474 1458; x_wconf 73' lang='lat' dir='ltr'>atque</span> <span class='ocrx_word' id='word_1_260' title='bbox 498 1413 763 1458; x_wconf 80' lang='lat' dir='ltr'>praecedentes</span> <span class='ocrx_word' id='word_1_261' title='bbox 795 1425 866 1449; x_wconf 89' lang='lat' dir='ltr'>non</span> <span class='ocrx_word' id='word_1_262' title='bbox 892 1413 1039 1449; x_wconf 83' lang='lat' dir='ltr'>differat</span> <span class='ocrx_word' id='word_1_263' title='bbox 1068 1415 1143 1450; x_wconf 87' lang='lat' dir='ltr'>fere</span> <span class='ocrx_word' id='word_1_264' title='bbox 1169 1426 1191 1450; x_wconf 88' lang='lat' dir='ltr'>a</span> <span class='ocrx_word' id='word_1_265' title='bbox 1215 1413 1349 1450; x_wconf 79' lang='lat' dir='ltr'>nostris</span> <span class='ocrx_word' id='word_1_266' title='bbox 1373 1413 1492 1457; x_wconf 83' lang='lat' dir='ltr'><strong><em>PMS,</em></strong></span> <span class='ocrx_word' id='word_1_267' title='bbox 1521 1413 1558 1448; x_wconf 88' lang='lat' dir='ltr'>in</span> <span class='ocrx_word' id='word_1_268' title='bbox 1588 1413 1695 1449; x_wconf 84' lang='lat' dir='ltr'>hiatu</span> <span class='ocrx_word' id='word_1_269' title='bbox 1729 1425 1873 1458; x_wconf 85' lang='lat' dir='ltr'>quoque</span> <span class='ocrx_word' id='word_1_270' title='bbox 1902 1414 2007 1456; x_wconf 77' lang='lat'>1,3,1</span> <span class='ocrx_word' id='word_1_271' title='bbox 2035 1425 2116 1448; x_wconf 87' lang='lat' dir='ltr'>cum</span> 
     </span>
     <span class='ocr_line' id='line_1_24' title="bbox 193 1470 2116 1517; baseline -0.001 -11"><span class='ocrx_word' id='word_1_272' title='bbox 193 1470 240 1506; x_wconf 83' lang='lat' dir='ltr'>iis</span> <span class='ocrx_word' id='word_1_273' title='bbox 263 1470 515 1513; x_wconf 82' lang='lat' dir='ltr'>consentiens,</span> <span class='ocrx_word' id='word_1_274' title='bbox 544 1483 612 1507; x_wconf 85' lang='lat' dir='ltr'>nos</span> <span class='ocrx_word' id='word_1_275' title='bbox 644 1483 727 1507; x_wconf 90' lang='lat' dir='ltr'>eum</span> <span class='ocrx_word' id='word_1_276' title='bbox 752 1483 824 1507; x_wconf 89' lang='lat' dir='ltr'>non</span> <span class='ocrx_word' id='word_1_277' title='bbox 850 1471 1074 1508; x_wconf 86' lang='lat' dir='ltr'>contulimus</span> <span class='ocrx_word' id='word_1_278' title='bbox 1098 1471 1168 1507; x_wconf 89' lang='lat' dir='ltr'>nisi</span> <span class='ocrx_word' id='word_1_279' title='bbox 1194 1471 1242 1507; x_wconf 88' lang='lat' dir='ltr'>ad</span> <span class='ocrx_word' id='word_1_280' title='bbox 1266 1471 1452 1517; x_wconf 82' lang='lat' dir='ltr'>specimen</span> <span class='ocrx_word' id='word_1_281' title='bbox 1477 1473 1522 1516; x_wconf 80' lang='lat' dir='ltr'>(v,</span> <span class='ocrx_word' id='word_1_282' title='bbox 1542 1484 1576 1517; x_wconf 89' lang='lat' dir='ltr'>p.</span> <span class='ocrx_word' id='word_1_283' title='bbox 1595 1471 1706 1515; x_wconf 89' lang='lat' dir='ltr'>LXV)</span> <span class='ocrx_word' id='word_1_284' title='bbox 1731 1473 1768 1506; x_wconf 87' lang='lat' dir='ltr'>et</span> <span class='ocrx_word' id='word_1_285' title='bbox 1793 1471 1840 1506; x_wconf 81' lang='lat' dir='ltr'>ad</span> <span class='ocrx_word' id='word_1_286' title='bbox 1865 1470 2116 1516; x_wconf 84' lang='lat' dir='ltr'>Appendicem</span> 
     </span>
     <span class='ocr_line' id='line_1_25' title="bbox 192 1527 1538 1574; baseline -0.001 -10"><span class='ocrx_word' id='word_1_287' title='bbox 192 1527 309 1564; x_wconf 78' lang='lat' dir='ltr'>illam.</span> <span class='ocrx_word' id='word_1_288' title='bbox 356 1528 412 1564; x_wconf 86' lang='lat' dir='ltr'>Ex</span> <span class='ocrx_word' id='word_1_289' title='bbox 435 1528 506 1564; x_wconf 86' lang='lat' dir='ltr'>hoc</span> <span class='ocrx_word' id='word_1_290' title='bbox 532 1527 659 1564; x_wconf 85' lang='lat' dir='ltr'>codice</span> <span class='ocrx_word' id='word_1_291' title='bbox 683 1528 883 1574; x_wconf 82' lang='lat' dir='ltr'>Appendix</span> <span class='ocrx_word' id='word_1_292' title='bbox 908 1541 952 1565; x_wconf 83' lang='lat' dir='ltr'>ea</span> <span class='ocrx_word' id='word_1_293' title='bbox 978 1528 1128 1565; x_wconf 84' lang='lat' dir='ltr'>Cuiacio</span> <span class='ocrx_word' id='word_1_294' title='bbox 1156 1528 1302 1565; x_wconf 83' lang='lat' dir='ltr'>videtur</span> <span class='ocrx_word' id='word_1_295' title='bbox 1327 1528 1538 1565; x_wconf 83' lang='lat' dir='ltr'>innotuisse.</span> 
     </span>
    </p>
   </div>
   <div class='ocr_carea' id='block_1_7' title="bbox 2164 1133 2203 1162">
    <p class='ocr_par' dir='ltr' id='par_1_7' title="bbox 2164 1133 2203 1162">
     <span class='ocr_line' id='line_1_26' title="bbox 2164 1133 2203 1162; baseline 0.026 -1"><span class='ocrx_word' id='word_1_296' title='bbox 2164 1133 2203 1162; x_wconf 78' lang='lat'>14</span> 
     </span>
    </p>
   </div>
  </div>
 </body>
</html>
