2501 3615
178 218 524 260 GREGORIANVS

145 1097 234 1133 Iust.
249 1097 281 1139 8,
295 1097 349 1140 53,
366 1098 428 1132 1—
433 1098 478 1132 24

145 1155 235 1191 Iust.
249 1154 282 1197 8,
296 1155 350 1197 55,
367 1156 426 1190 1-
433 1155 454 1190 6

151 2004 240 2040 lust.
251 2004 284 2047 9,
297 2004 329 2046 2,
346 2004 463 2039 1-12

151 2231 240 2267 Iust.
253 2231 286 2274 9,
298 2231 330 2274 8,
348 2232 377 2266 1.
396 2232 417 2266 2

152 2402 240 2438 Iust.
254 2403 286 2446 9,
300 2402 332 2444 9,
348 2403 458 2438 1—-27

154 2687 243 2722 Iust.
255 2686 288 2729 9,
305 2683 357 2727 12,
374 2686 462 2720 1—5

155 3029 245 3064 lust.
256 3029 289 3072 9,
306 3027 358 3071 16,
374 3027 462 3062 1-8

156 3199 246 3234 Inst.
259 3199 292 3242 9,
307 3199 360 3243 18,
376 3200 405 3235 1.
423 3200 446 3234 2

157 3313 247 3349 lust.
259 3313 293 3356 9,
309 3314 361 3357 19,
377 3314 394 3350 1

973 120 1244 159 ——XXI—

822 224 1191 277 THEODOSIANVS
1600 226 1916 266 IVSTINIANVS

611 303 634 337 4
659 302 703 338 de
730 303 1000 347 cohortalibus,
1027 305 1272 352 priiicipibuS‚
1299 307 1413 342 corni-
1454 308 1505 349 12,
1522 309 1564 343 57
1593 324 1634 338 =

659 360 810 396 culariis
836 363 874 396 et
899 362 1194 408 primipilaribus

615 417 636 451 5
662 417 705 452 de
724 429 832 453 cursu
850 418 1012 464 publico,
1035 420 1199 466 angariis
1223 423 1262 457 et
1284 433 1414 467 paran·
1453 421 1505 462 12,
1520 422 1564 458 50
1590 437 1632 451 =

660 474 775 520 gariis

616 531 637 565 6
662 531 706 566 de
730 532 919 567 tractoriis
944 535 982 568 et
1006 533 1155 568 stativis
1453 536 1560 577 12‚51
1591 553 1633 567 =

616 589 635 622 7
661 589 705 624 de
731 589 885 625 diversis
911 589 1042 625 officiis
1071 593 1109 626 et
1134 592 1414 637 apparitoribus
1453 592 1504 635 12,
1520 593 1563 628 59
1591 609 1632 623 =

665 648 703 681 et
728 645 954 690 probatoriis
979 658 1104 682 eorum

615 702 636 736 8
662 702 706 738 de
731 702 990 738 executoribus
1014 706 1051 739 et
1076 704 1331 741 exactionibus
1452 706 1505 748 12,
1518 706 1562 742 60
1587 707 1631 742 de
1662 708 1918 743 executoribus
1945 712 1983 744 et
2008 721 2065 744 ex-

1519 764 1707 800 actoribus

616 817 638 852 9
663 817 706 852 de
733 816 845 852 lucris
870 817 1072 853 officiorum
1476 820 1527 862 12,
1540 821 1580 856 61
1610 822 1654 857 de
1672 821 1783 857 lucris
1801 822 2064 858 advocatorum

595 874 637 909 10
661 874 706 909 (16
723 873 1024 910 concussionibus
1049 875 1314 912 advocatorum
1339 877 1415 912 sive
1445 821 1455 955 ξ
1543 880 1580 913 et
1606 879 1904 914 concussionibus
1930 879 2064 914 officio-

662 930 920 975 apparitorum
1542 946 1622 969 rum
1646 934 1724 969 sive
1749 937 2004 981 apparitorum

594 987 633 1022 11
660 998 706 1023 ne
723 987 813 1032 quid
829 988 1003 1034 publicae
1026 989 1197 1026 laetitiae
1214 990 1335 1026 nuntii
1354 1018 1361 1027 .
1382 1019 1388 1027 .
1408 1018 1415 1026 .
1454 992 1505 1032 12,
1521 991 1564 1026 63
1594 991 1766 1036 publicae
1801 993 1969 1029 laetitiae
2007 994 2063 1028 vel

662 1043 854 1089 accipiant
1521 1047 1710 1083 consulum
1735 1049 1963 1085 nuntiatores
1988 1053 2046 1083 cet.

595 1100 636 1135 12
661 1101 706 1136 de
732 1101 996 1139 donationibus
1451 1105 1482 1146 8,
1498 1105 1542 1140 53
1568 1121 1611 1134 =

594 1157 637 1192 13
663 1157 707 1193 de
731 1160 948 1195 revocandis
973 1160 1235 1196 donationibus
1451 1162 1482 1204 8,
1497 1163 1541 1197 55
1568 1177 1610 1192 =

595 1215 637 1250 14
662 1214 707 1251 de
731 1215 890 1262 ingratis
914 1217 1041 1253 liberis
1453 1218 1484 1260 8,
1497 1219 1541 1253 49
1569 1234 1611 1248 =

595 1272 636 1306 15
663 1272 707 1308 de
735 1272 783 1308 iis
807 1285 902 1318 quae
931 1274 1278 1311 administrantibus
1303 1302 1311 1310 .
1338 1303 1345 1310 .
1373 1303 1380 1310 .
1409 1303 1417 1310 .

662 1328 842 1366 distracta
868 1334 953 1366 sunt
978 1332 1037 1367 vel
1065 1332 1203 1368 donata

595 1385 637 1420 16
663 1386 707 1422 de
733 1386 961 1424 infirmandis
986 1389 1115 1434 poenis
1140 1390 1349 1425 caelibatus
1379 1392 1417 1426 et
1453 1389 1484 1431 8,
1500 1390 1542 1423 57
1570 1404 1612 1418 =

663 1443 839 1479 orbitatis

595 1500 637 1534 17
664 1501 708 1536 de
736 1501 815 1538 iure
840 1501 1039 1538 liberorum
1453 1503 1474 1537 8

596 1557 638 1592 18
663 1558 708 1594 de
726 1558 903 1595 maternis
920 1559 1027 1595 bonis
1043 1563 1081 1596 et
1098 1561 1256 1596 materni
1273 1561 1417 1608 generis
1453 1560 1473 1594 6

664 1617 703 1650 et
728 1616 890 1652 cretione
915 1617 1066 1653 sublata

596 1672 636 1707 19
663 1672 707 1708 de
723 1673 828 1708 bonis
846 1685 941 1718 quae
958 1673 1209 1711 filiisfamilias
1232 1687 1275 1711 ex
1293 1676 1417 1711 matri·
1453 1675 1484 1716 6,
1498 1675 1538 1709 61
1567 1674 1612 1709 (16
1637 1673 1742 1708 bonis
1767 1685 1860 1718 quae
1883 1673 2010 1710 liberis
2027 1673 2064 1709 in

662 1729 784 1765 monio
809 1730 1055 1774 adquiruntur
1521 1732 1709 1776 potestate
1759 1730 1972 1766 constitutis
2023 1743 2065 1766 ex

1520 1787 1754 1823 matrimonio
1781 1787 1837 1823 vel
1871 1787 1982 1823 aliter
2007 1788 2066 1823 ad-

1523 1844 1719 1889 quiruntur
1743 1847 1802 1878 cet.

764 1923 1092 1959 THEODOSIANI
1125 1924 1267 1960 LIBER
1297 1924 1464 1961 NONVS

622 2005 638 2039 1
667 2004 711 2040 de
737 2004 1036 2040 accusationibus
1054 2007 1092 2041 et
1114 2004 1417 2051 inscriptionibus
1452 2006 1484 2047 9,

619 2062 641 2096 2
668 2061 711 2096 de
729 2061 946 2097 exhibendis
961 2062 1019 2098 vel
1037 2062 1331 2098 transmittendis
1347 2062 1417 2098 reis
1452 2063 1484 2104 9,

622 2118 644 2153 3
669 2119 714 2154 de
740 2119 909 2154 custodia
933 2131 1077 2155 reorum
1453 2120 1485 2160 9,

1453 2177 1474 2211 9

1454 2234 1474 2268 9

1478 1502 1543 1544 ,58

1477 1559 1546 1601 ,60

1572 1575 1613 1589 ΙΙ
1570 1519 1611 1532 ΙΙ

620 2176 643 2210 4
667 2175 698 2211 si
723 2175 805 2220 quis
830 2176 1046 2221 imperatori
1070 2176 1305 2212 maledixerit

621 2234 642 2267 5
668 2233 716 2268 ad
740 2232 862 2278 legem
887 2233 1019 2268 Iuliam
1045 2233 1253 2269 maiestatis

621 2290 643 2324 6
666 2301 712 2326 ne
737 2293 885 2335 praeter
902 2290 1039 2326 crimen
1060 2290 1269 2326 maiestatis
1293 2301 1419 2325 servus

667 2347 854 2382 dominum
881 2374 888 2381 .
907 2374 914 2381 .
933 2374 940 2381 .
966 2350 1115 2383 accuset

1478 2005 1524 2275 “002130010

1548 2247 1589 2261 ΙΙ
1547 2190 1590 2205 11
1550 2133 1593 2147 ΙΙ
1547 2076 1589 2091 ΙΙ
1547 2019 1589 2034 ΙΙ

623 2403 642 2437 7
668 2403 715 2439 ad
738 2404 859 2450 legem
884 2404 1017 2439 Iuliam
1042 2404 1086 2440 de
1112 2404 1305 2439 adulteriis
1455 2406 1486 2448 9,
1502 2406 1522 2440 9
1547 2405 1593 2440 ad
1611 2405 1634 2440 1.
1651 2404 1676 2438 I.
1691 2403 1735 2439 de
1752 2403 1810 2438 ad.
1825 2406 1861 2437 et
1879 2402 1922 2437 de
1941 2404 2068 2446 stupro

622 2460 643 2495 8
668 2460 700 2495 si
723 2461 807 2505 quis
831 2473 923 2503 eam,
949 2461 1052 2496 cuius
1077 2463 1178 2496 tutor
1197 2461 1320 2503 fuerit,
1346 2472 1419 2495 cor·
1456 2462 1487 2502 9,
1504 2462 1546 2496 10
1572 2477 1615 2490 =

668 2517 811 2562 ruperit

622 2573 642 2608 9
669 2574 713 2610 de
738 2574 972 2617 mulieribus,
1005 2586 1100 2619 quae
1131 2586 1168 2609 se
1201 2574 1315 2609 servis
1341 2587 1420 2620 pro-
1456 2576 1544 2618 9,11
1574 2590 1616 2604 =

668 2631 760 2676 priis
783 2632 980 2668 iunxerunt

602 2688 646 2724 10
670 2688 718 2722 ad
747 2688 869 2734 legem
894 2689 1027 2724 Iuliam
1059 2690 1103 2724 de
1131 2688 1165 2723 vi
1200 2669 1353 2734 publiea
1383 2693 1421 2726 et
1457 2690 1489 2731 9,
1506 2690 1547 2724 12
1573 2704 1615 2718 =

669 2744 820 2789 privata

603 2802 641 2836 11
670 2801 714 2837 de
739 2801 878 2846 privati
905 2801 1061 2837 carceris
1087 2803 1255 2838 custodia
1458 2803 1489 2844 9,
1502 2804 1522 2837 5
1548 2802 1592 2838 de
1610 2800 1769 2847 privatis
1787 2799 1992 2836 carceribus
2018 2799 2069 2833 in-

1527 2857 1699 2894 bibendis

603 2916 644 2950 12
670 2915 714 2951 de
739 2915 995 2951 emendatione
1020 2927 1205 2951 servorum
1458 2916 1489 2956 9,
1506 2916 1548 2950 14
1574 2931 1616 2944 =

603 2971 646 3007 13
671 2972 715 3007 de
741 2971 996 3008 emendatione
1023 2973 1311 3018 propinquorum
1458 2973 1547 3013 9,15

604 3029 647 3063 14
671 3029 719 3064 ad
743 3029 864 3075 legem
889 3028 1095 3064 Corneliam
1122 3030 1165 3065 de
1190 3030 1334 3065 sicariis
1458 3029 1548 3070 9,16

604 3087 646 3120 15
672 3086 716 3121 (16
743 3085 945 3130 parricidio
1438 3086 1490 3132 9,
1507 3086 1547 3119 17
1573 3086 1616 3120 de
1642 3085 1700 3119 his
1725 3085 1785 3129 qui
1814 3088 1985 3130 parentes
2011 3085 2069 3120 vel

1528 3141 1661 3177 liberos
1686 3141 1898 3177 occiderunt

605 3200 647 3234 16
673 3199 717 3234 de
756 3199 933 3235 maleficis
980 3201 1018 3234 et
1063 3200 1338 3237 mathematicis
1384 3205 1422 3237 et
1458 3199 1549 3240 9,18
1576 3214 1617 3228 =

672 3256 804 3292 ceteris
829 3256 1012 3292 similibus

606 3312 647 3348 17
673 3312 717 3349 de
741 3313 920 3358 sepulcris
947 3313 1096 3348 violatis
1459 3313 1548 3354 9,19
1576 3328 1615 3341 z:
